2902 5040
688 305 909 370 -gg..

229 484 372 547 concham
389 480 523 543 minimel
553 482 646 543 immo
662 483 774 544 concha
795 483 859 562 ipsa
874 480 940 544 talis
955 481 1053 542 evadit
1067 487 1101 544 ut
1116 482 1269 545 custodem
1285 500 1376 545 suum

229 583 401 644 custodiens
424 580 575 642 monuerit
596 599 660 642 sese
684 590 716 643 ut
737 581 885 661 reciperet
907 587 937 642 et
959 579 1087 642 caveretl
1118 579 1205 652 Quod
1229 581 1300 661 quia
1320 580 1376 643 ab·

228 681 353 742 surdum
386 687 447 753 est,
481 679 616 741 credatur
649 678 769 756 quidem
797 679 899 743 Cicero
925 678 1113 740 festinantius
1140 697 1189 740 res
1216 698 1378 759 excerpere

228 779 333 842 solitus
360 797 442 850 esse,
471 779 546 839 hacc
572 785 672 838 autem
704 778 834 856 peccavit
863 777 1008 839 librarius.
1054 777 1165 856 Nempe
1188 795 1250 839 nou
1274 777 1377 839 miuus

227 877 386 940 ridiculum
415 876 486 936 illud
514 884 596 936 caat:
626 876 781 955 proprium
809 875 886 936 sicut
908 875 995 954 pinac
1017 883 1063 936 est
1085 884 1119 936 ut
1148 875 1180 937 in
1202 875 1314 938 concha
1336 875 1378 938 sit

229 994 362 1055 semper,
391 992 466 1037 uum
494 973 568 1035 item
591 975 708 1035 custodi
731 982 765 1036 ut
787 971 878 1037 eneti
906 990 969 1034 non
992 973 1084 1052 magis
1107 973 1206 1036 hercle
1228 991 1320 1053 quam
1341 980 1378 1036 ut

227 1058 345 1136 innatet
367 1074 397 1134 in
420 1073 572 1134 concham.
616 1071 782 1134 Dicendum
811 1073 916 1134 saltem
945 1071 1016 1133 fuit:
1050 1072 1102 1152 qui
1125 1080 1209 1134 extra
1230 1074 1377 1135 concham

227 1180 318 1235 natat.
356 1172 489 1250 Denique
512 1170 677 1249 corruptela
700 1169 836 1250 proditur
850 1189 921 1231 voce
942 1172 1040 1249 recipit
1061 1186 1150 1249 quam
1173 1171 1292 1232 tolerari
1314 1189 1378 1239 non

228 1289 315 1351 posse
344 1269 423 1331 docti
452 1276 623 1330 senserunt.
675 1268 809 1330 Ciceroni
841 1277 871 1330 ct
903 1267 977 1330 ratio
1000 1277 1030 1329 ct
1052 1286 1100 1329 res
1120 1276 1152 1328 et
1172 1287 1272 1330 sermo
1304 1269 1379 1332 baec

228 1370 387 1446 adrogant:
421 1377 450 1428 ct
472 1367 526 1427 illo
548 1385 619 1447 quac
640 1370 672 1427 in
693 1367 799 1428 concha
816 1367 922 1446 patule
948 1366 1018 1427 vivit
1046 1370 1136 1446 (quae
1161 1370 1233 1448 pino
1258 1367 1378 1448 metor)

227 1472 304 1547 cipue
326 1470 377 1546 gui
398 1473 503 1526 enatus
525 1484 539 1526 c
562 1464 667 1526 concha
689 1463 752 1544 (gui
772 1466 846 1545 quod
868 1483 929 1526 cum
953 1464 1225 1544 custoditpinotcres
1240 1476 1378 1542 cocetum

227 1565 454 1645 incendentque
483 1581 547 1624 cum
569 1580 598 1624 sc
625 1564 685 1623 fert
708 1563 795 1642 piscis
823 1562 995 1636 includitur,
1027 1572 1061 1624 ut
1083 1564 1213 1626 cidcmm
1233 1569 1380 1629 monuisse

228 1674 260 1726 ut
283 1662 444 1741 clauderet)
465 1665 584 1740 itemque
605 1662 746 1740 formicae
770 1679 832 1741 eqs.
869 1662 952 1734 Quae
972 1661 1066 1724 laxius
1088 1680 1162 1724 sane
1178 1662 1280 1724 Cicero
1302 1681 1380 1726 con-

229 1761 339 1824 struxit
359 1760 417 1824 nisi
438 1760 516 1821 forte
538 1759 573 1821 ad
596 1760 731 1821 uideatur
752 1763 895 1822 monuisse
918 1759 1007 1821 ctiam
1024 1761 1133 1822 addere
1154 1759 1203 1823 illc
1225 1762 1269 1822 vel
1285 1772 1380 1825 custos

227 1860 387 1940 praeferes.
432 1858 570 1919 Ceterum
599 1873 659 1918 non
692 1857 867 1919 anacolutha
894 1864 1043 1921 structura
1071 1859 1124 1920 sed
1147 1859 1191 1919 sic
1215 1859 1380 1938 explenda:

229 1959 265 2021 h
293 1975 353 2019 coo
381 1957 473 2018 solum
502 1957 558 2018 sibi
582 1959 645 2018 noti
668 1966 735 2017 suot
753 1959 826 2035 pinu
841 2000 848 2018 .
866 2002 873 2017 .
890 2000 897 2018 .
914 2000 921 2016 .
937 1960 1015 2036 isque
1038 1960 1087 2038 qui
1105 1975 1169 2036 eqs.
1215 1957 1269 2018 hd·
1281 1963 1384 2020 cumei

228 2077 243 2120 e
265 2056 371 2119 coucbc
392 2056 429 2118 cl.
445 2055 551 2117 hthcn.
575 2072 603 2133 p.
621 2053 661 2116 89
674 2054 714 2129 Fr,
744 2054 894 2117 Aristotel.
916 2073 946 2134 p.
968 2054 1029 2115 547
1049 2055 1072 2114 B
1099 2053 1139 2116 28
1151 2074 1195 2134 sq.
1240 2055 1307 2134 lpsa
1328 2074 1380 2120 res

231 2162 331 2218 autem
355 2172 413 2234 qua
436 2155 481 2217 via
509 2153 540 2214 in
564 2153 645 2214 hunc
667 2153 704 2215 de
726 2153 832 2216 hnibus
860 2153 970 2215 librum
998 2153 1149 2215 devenerit
1170 2171 1232 2214 non
1254 2155 1380 2234 quaeri-

231 2273 297 2317 mus
324 2251 485 2332 nescioque
502 2269 574 2313 num
597 2251 767 2331 sequendus
791 2251 911 2314 deeius
934 2259 1057 2313 auctore
1078 2250 1239 2330 Madvigius
1254 2252 1379 2317 sitibid.

229 2372 259 2432 p.
283 2353 355 2417 831.
1303 2415 1306 2420 .

315 2451 544 2515 accuratissime
567 2459 666 2513 autem
688 2451 782 2532 ipsius
804 2451 958 2531 Chrysippi
980 2470 1056 2532 quae
1078 2450 1266 2515 exhibuimus
1289 2452 1382 2516 verba

231 2549 363 2612 Cicero
387 2551 553 2631 adsumpsit
576 2568 644 2612 cum
667 2551 708 2612 de
732 2559 861 2613 natura
884 2552 1033 2613 deorum
1056 2552 1196 2614 librum
1219 2551 1381 2615 alterum

230 2656 431 2729 componeret.
488 2648 577 2710 Cuius
610 2648 654 2711 rei
688 2649 930 2729 contemplationi
967 2649 1068 2729 paucis
1104 2668 1206 2712 vacare
1243 2649 1379 2713 interest.

230 2747 364 2809 Primum
398 2747 434 2807 ad
469 2747 694 2808 adornationem
723 2748 963 2809 narratiunculae
1000 2749 1094 2826 qualis
1130 2748 1173 2811 ibi
1206 2748 1380 2817 Stoicorum

174 2916 177 2922 ,
229 2846 403 2926 pendendae
425 2846 577 2908 doctrinae
598 2846 739 2908 inseritur
761 2847 894 2908 animum
917 2846 1060 2924 advertas,
1083 2847 1196 2922 5123:
1302 2900 1305 2907 .
1361 2886 1365 2897 -

265 2982 268 2987 ’
329 2983 404 3046 Pina
430 3001 497 3045 cero
519 3018 562 3028 -
588 2989 627 3046 sic
655 2987 731 3046 euim
757 3002 857 3064 praece
884 2982 987 3047 dicitur
1010 3019 1050 3030 —
1080 2986 1190 3047 duobus
1220 2986 1382 3067 praedibus

272 3068 275 3075 ¹
326 3080 430 3162 patula
453 3081 563 3143 conchis
592 3101 656 3145 cum
680 3072 779 3161 porco
810 3082 914 3161 squillo
942 3082 1116 3164 (καρκίνος
1137 3080 1273 3167 μικρός)
1297 3092 1384 3168 prosi

328 3182 486 3242 societatem
508 3184 562 3243 coil
588 3178 742 3261 (συνεργὰ
763 3171 837 3242 εἰατ1
855 3177 956 3256 ἰδίαν)
980 3184 1170 3262 comparandi
1189 3184 1260 3260 cibi,⁸
1282 3188 1381 3267 itaque

328 3296 393 3339 cum
411 3278 544 3358 pisciculi
559 3283 649 3359 perci
661 3274 829 3359 (ἰχθύδια)
845 3285 876 3341 iu
894 3279 1029 3342 conchem
1044 3281 1170 3343 hiantem
1186 3279 1239 3363 (cd
1255 3277 1381 3366 dorpa-

329 3395 386 3438 κον
409 3372 649 3459 διαστήσασαν)
673 3374 880 3440 iuncturarum
901 3371 995 3455 (decu
1010 3377 1144 3461 togaton
1167 3381 1214 3460 vv)
1237 3392 1299 3444 tum
1323 3382 1379 3445 ad·

327 3477 437 3536 monito
459 3475 508 3550 (cf.
532 3474 715 3557 σημαίνων)
739 3474 882 3554 capuillo
903 3477 994 3556 [pino]
1018 3492 1118 3538 morsu
1133 3472 1273 3556 (δάκνει)
1298 3498 1380 3559 συνη-

325 3575 432 3652 prv'mv't·
447 3573 568 3635 socchus
583 3571 761 3655 (συμμύει).
800 3571 847 3634 Sic
863 3572 931 3648 (val
948 3566 1275 3654 eneaeuocanthunc
1298 3569 1379 3651 (vide

328 3679 549 3750 exaggerantem
558 3669 577 3747 h
607 3671 729 3734 bestiolis
758 3672 945 3733 communiter
973 3672 1050 3734 cibus
1084 3678 1234 3753 quaeritur
1268 3677 1379 3750 (κατε-

329 3770 468 3830 σθίουσι
491 3769 605 3859 κοινῇ).

312 3919 405 3998 igitur
436 3919 495 3981 iam
526 3920 700 3982 evolvantur
728 3921 836 4000 quibus
864 3929 964 3984 orator
985 3922 1106 3987 Stoicus
1136 3925 1245 3988 latinus
1273 3926 1378 4007 pinam

227 4017 380 4098 Chrysippi
402 4018 553 4080 induxerit
567 4026 618 4080 aut
640 4019 878 4081 circumdederit.
922 4020 1053 4082 Orsus-a
1076 4023 1251 4101 quaestions
1275 4035 1324 4089 est
1344 4027 1379 4091 iu

227 4120 245 4192 ς
260 4116 301 4179 73
317 4133 388 4179 num
413 4117 544 4179 mundus
560 4136 577 4178 a
593 4117 649 4181 diis
666 4117 892 4181 administretur
907 4118 1034 4200 ideoque
1048 4120 1120 4182 inde
1135 4121 1172 4183 ab
1187 4121 1227 4185 81
1246 4125 1378 4189 maxime

226 4216 262 4276 ad
285 4215 543 4279 admirabilitatem
566 4234 667 4278 rerum
689 4216 874 4296 probandam
897 4237 930 4280 sc
952 4219 1095 4298 accingit:
1122 4237 1214 4282 unam
1238 4224 1378 4301 partibus

226 4314 366 4376 omnibus
389 4322 526 4377 naturam
548 4333 738 4378 communem
762 4335 836 4389 esse,
859 4316 884 4376 si
907 4316 997 4395 igitur
1021 4317 1092 4397 quivl
1114 4327 1235 4398 regatur
1257 4329 1376 4398 natura,

225 4419 327 4475 mmcn
353 4421 404 4476 aut
433 4411 506 4475 nibil
535 4411 592 4474 hoc
618 4413 648 4474 in
678 4415 791 4478 mundo
818 4433 884 4476 csse
913 4424 964 4481 aut
983 4416 1137 4479 >mundum
1166 4426 1263 4482 totum
1287 4421 1377 4502 (85);
