2902 5040
640 295 885 360 -156—

193 473 280 535 etiam
312 480 416 553 poetae
446 472 561 534 cuidam
592 472 723 534 eiusdem
760 473 822 534 iere
855 472 960 534 aetatis
988 472 1134 551 placuisse
1164 471 1335 543 ostendam

193 590 262 634 nam
296 572 328 633 iu
351 571 459 633 Nucis
486 571 576 652 elegia
603 572 686 634 cuius
709 571 908 633 emendationi
931 579 1050 650 tempus
1074 569 1207 632 debitum
1230 587 1338 632 nemo-

193 671 264 732 dum
288 671 459 750 impendere
480 671 590 733 vaeavit
611 690 679 733 cum
703 671 946 752 corruptissimus
969 688 1070 732 versus
1093 670 1133 730 sit
1147 667 1202 728 95:

294 794 414 856 Lamina
438 793 533 856 mollis
555 794 651 857 adhuc
673 795 855 857 tenerosin
880 795 964 868 lacte,
988 794 1066 874 quod
1089 793 1168 856 intro
1189 800 1235 853 cst

193 938 291 1001 neque
314 921 475 1000 quidquam
498 920 577 1000 quod
600 921 659 983 veri
683 930 714 983 et
736 920 857 1001 ingenui
879 920 974 984 simile
1002 920 1082 982 dicas
1105 918 1262 980 doctorum
1286 933 1339 976 sa-

192 1020 302 1100 gacitas
323 1018 479 1098 indagarit,
516 1019 592 1081 banc
624 1019 697 1082 mibi
719 1019 913 1100 scriptionem
938 1036 1044 1081 sensus
1067 1035 1203 1080 summus
1225 1014 1338 1094 ubique

193 1127 297 1182 auctor
319 1117 464 1180 obtrudit:

294 1231 330 1290 llt
353 1229 426 1291 mibi
449 1238 580 1292 maturos
603 1247 755 1312 nunquam
778 1230 845 1292 licet
868 1229 955 1292 edere
977 1230 1090 1290 foetus:

336 1330 412 1392 Ante
435 1329 571 1410 diemque
594 1348 675 1408 meae
698 1329 891 1392 decutiuntur
913 1347 993 1409 opes.

295 1427 416 1491 Lamina
439 1428 535 1491 mollis
557 1430 654 1492 adbuc
675 1428 839 1491 ostendit
861 1428 936 1490 lacte
960 1424 1039 1507 quod
1063 1424 1143 1486 intro
1166 1429 1213 1485 est

336 1527 504 1590 Frondibus
527 1535 556 1588 et
578 1528 689 1590 teneris
712 1545 773 1590 non
797 1527 896 1589 minus
918 1525 981 1606 ipso
1005 1525 1093 1586 viret:

294 1625 356 1687 lam
381 1634 480 1688 tumen
502 1626 635 1688 invenias
658 1627 709 1705 qui
732 1644 779 1687 me
800 1626 967 1688 iaculentur
981 1641 1041 1703 eqs.

195 1725 312 1799 Scilicet
344 1757 397 1817 pro
432 1757 466 1800 eo
500 1757 588 1800 versu
621 1739 672 1818 qui
705 1737 780 1800 solet
812 1738 926 1818 plaeere
952 1744 1022 1817 post
1042 1755 1068 1796 v.
1085 1733 1130 1807 95,
1147 1729 1287 1794 futtiliter
1307 1747 1341 1791 ac

195 1853 288 1916 paene
311 1836 431 1902 ridicule
454 1836 650 1919 interpolato:

339 1949 399 2010 Nee
421 1951 496 2011 malo
520 1957 592 2012 sunt
613 1950 664 2011 ulli
687 1957 790 2012 nostra
812 1947 915 2010 futura
936 1947 1014 2010 bbno

195 2059 334 2121 vicarium
350 2080 404 2141 pro
427 2062 566 2124 facultate
589 2071 690 2124 nostra
712 2070 815 2142 aptum
838 2058 1012 2122 substruere
1035 2054 1133 2118 conati
1156 2070 1271 2114 sumus.

280 2158 376 2238 Atque
408 2159 467 2221 iam
490 2160 566 2222 Plini
590 2161 726 2222 manibus
748 2167 897 2221 versatum
920 2156 1108 2220 Aristotelem
1131 2152 1253 2215 latinum
1277 2167 1343 2210 esse

197 2265 432 2319 consentaneum
463 2257 509 2320 sit.
554 2259 658 2320 Nescio
681 2269 779 2321 autem
803 2277 876 2319 num
903 2256 1048 2336 explicare
1074 2252 1230 2314 inderem
1255 2249 1341 2309 liceat

197 2356 375 2435 stupendam
402 2355 465 2417 lere
497 2365 527 2418 et
558 2357 641 2418 cuius
664 2378 680 2420 a
702 2376 775 2420 sano
798 2375 917 2437 quoque
938 2353 1045 2434 aliquis
1071 2350 1232 2431 explicatus
1266 2344 1342 2425 exigi

198 2453 312 2515 debeat.
356 2455 459 2515 Risum
483 2455 615 2518 contine:
644 2455 757 2519 Plinius
775 2456 836 2518 Vlll
852 2455 893 2517 40
915 2454 1061 2515 bonasum
1090 2450 1122 2512 in
1143 2448 1212 2527 luga
1233 2445 1341 2507 fimum

197 2551 320 2612 reddere
341 2553 455 2614 iocatur
476 2554 588 2615 trium
613 2553 786 2634 iugerum
814 2551 1073 2632 longitudine:
1096 2548 1148 2610 sed
1170 2543 1342 2607 lustotdes

198 2650 309 2730 optime
332 2669 360 2730 p.
376 2651 438 2713 630
454 2652 477 2712 Β
493 2651 528 2714 8;
563 2648 721 2734 ἀμύνεται
748 2650 786 2715 δὲ
810 2648 972 2723 λακτίζων
1001 2647 1057 2711 καὶ
1080 2639 1343 2729 προςαφοδεύαν

198 2745 255 2809 καὶ
296 2746 354 2821 εἰς
389 2750 583 2832 τέτταρας
618 2743 788 2833 ὀργυιὰς
824 2745 884 2834 ἀφ’
909 2746 1027 2812 ἑαυτοῦ
1053 2744 1190 2830 ῥίπτων.
1238 2741 1343 2820 ltaque

199 2847 278 2909 unde
309 2848 420 2910 factum
454 2850 493 2911 sit
529 2851 668 2930 speculor
689 2859 723 2912 ut
755 2868 815 2912 non
850 2849 947 2911 solum
976 2855 1055 2908 tres
1082 2849 1265 2924 ponerentur
1286 2857 1342 2919 pro

199 2954 395 3026 quattuor,
428 2947 479 3010 sed
514 2949 601 3010 etiam
634 2967 689 3028 pro
724 2947 900 3028 passibus
935 2946 981 3008 rel
1014 2943 1115 3007 ulnis
1150 2939 1253 3019 (ulnae
1285 2954 1342 3017 pro

199 3045 306 3125 orgpiis
327 3047 440 3126 positae
458 3045 534 3108 Plio.
550 3045 612 3108 XVl
628 3045 690 3109 202
707 3055 736 3107 et
753 3045 826 3122 133)
850 3046 895 3108 vel
916 3063 970 3125 pro
987 3059 1127 3105 mensura
1143 3037 1230 3101 simili
1245 3052 1343 3117 pone-

198 3152 305 3206 rentur
325 3144 454 3223 iugera
477 3146 600 3207 omnino
615 3165 649 3209 ea
671 3165 687 3208 a
710 3144 941 3225 longitudinibus
957 3139 1146 3221 designandis
1161 3137 1256 3198 aliena
1271 3132 1343 3212 (nisi

199 3243 278 3323 quod
301 3245 392 3305 semel
415 3249 636 3325 sesquiiugerum
660 3244 698 3307 ita
721 3246 798 3325 apud
814 3244 943 3306 Plinium
960 3240 1083 3321 legimus
1098 3245 1132 3300 ut
1154 3233 1342 3298 latitudinem

200 3342 473 3421 designativam,
506 3362 565 3422 quo
600 3361 701 3405 errore
734 3352 764 3404 et
796 3342 858 3423 ipsa
892 3342 939 3404 illa
972 3337 1076 3403 bonasi
1098 3337 1189 3397 virtus
1211 3332 1343 3394 immane

199 3447 345 3519 quantum
379 3438 593 3520 exaggeratur?
637 3443 682 3502 An
704 3442 848 3522 scriptum
872 3440 940 3502 olim
976 3455 1078 3517 graece
1104 3430 1160 3495 καὶ
1190 3429 1237 3504 εἷς
1255 3431 1344 3511 τρία

199 3535 335 3620 πλέθρα
360 3539 453 3600 fuisse
476 3539 613 3619 cuiquam
628 3536 879 3620 persuadebitur?
903 3538 980 3612 Quid
1003 3531 1095 3599 vero?
1118 3532 1195 3613 apud
1211 3531 1343 3610 Trogum

199 3637 344 3717 scriptum
367 3637 458 3700 fuisse
479 3638 542 3700 fere
563 3639 606 3700 sic
626 3656 795 3701 sumamus:
819 3637 947 3718 defendit
967 3654 996 3699 se
1016 3638 1056 3696 ita
1077 3644 1109 3696 ut
1129 3641 1236 3693 stercus
1257 3645 1343 3690 suum

198 3737 300 3799 reddat
320 3748 347 3798 et
368 3748 587 3818 quatenusper
601 3741 717 3817 orpuioc
738 3737 819 3818 toroge
839 3737 996 3799 iaculetur:
1019 3733 1103 3796 solita
1119 3729 1233 3792 Plinius
1255 3726 1342 3789 lesti-

200 3835 319 3898 uatione
341 3854 438 3916 neque
458 3839 569 3916 graecis
592 3835 768 3899 lectionibus
790 3836 880 3898 nimis
901 3835 1044 3897 adsuetus
1065 3832 1162 3910 legere
1183 3826 1239 3889 sibi
1261 3824 1344 3887 vide-

200 3933 303 3996 batur:
335 3947 368 3997 ut
399 3947 506 3997 stercus
537 3955 622 3997 cuum
654 3936 755 3998 reddet
788 3947 871 4016 atque
903 3946 985 3998 terno
1004 3949 1058 4013 per
1078 3934 1175 4009 iugero
1201 3924 1344 3986 incoletur

202 4032 262 4107 (bic
282 4032 330 4094 ille
352 4050 511 4112 errorque
533 4034 564 4096 in
580 4034 709 4096 llomero
724 4035 814 4097 latino
829 4054 855 4096 v.
875 4031 930 4095 181
951 4033 1039 4095 etiam
1054 4027 1205 4108 tonoque
1219 4023 1344 4093 terdenis

200 4130 339 4193 scribitur
360 4150 414 4212 pro
436 4130 533 4212 Longu
555 4135 758 4214 quaterdenis).
803 4134 946 4196 Audacior
975 4130 1144 4194 coniectura
1167 4123 1218 4186 sed
1240 4131 1344 4184 tamen

201 4247 259 4308 qua
281 4229 360 4291 credi
384 4230 566 4294 incredibilia
588 4233 753 4313 prohibeas.

287 4328 430 4409 Superest
439 4329 525 4411 Trogi
544 4332 624 4395 locus
641 4334 717 4414 apud
731 4332 858 4395 Plinium
871 4332 921 4396 Vll
933 4330 973 4393 33
990 4330 1026 4392 de
1044 4345 1103 4409 quo
1120 4322 1208 4386 rerba
1220 4319 1342 4384 fecerim

201 4434 232 4488 et
251 4436 372 4509 propter
386 4446 450 4492 rem
467 4438 496 4492 et
511 4439 545 4493 ut
560 4450 647 4512 quam
663 4432 760 4495 mutili
776 4431 938 4494 Aristotelis
953 4429 1020 4492 libri
1036 4427 1171 4517 legantur
1185 4421 1340 4484 illustrem.
