2902 5040
608 318 832 382 ..79-

235 493 397 575 Sequentia
418 495 454 557 de
470 512 621 556 scarorum
637 496 776 557 societate
791 515 867 576 quae
882 503 973 574 agunt
988 497 1024 558 ab
1040 505 1167 576 utroque
1188 496 1292 557 eodem

147 594 242 656 modo
265 594 486 673 adiunguntur3
509 601 597 673 atque
620 593 659 654 ita
683 592 834 673 Oppianus
849 594 885 658 lv
901 595 957 656 56:

251 687 288 754 oi
313 689 357 752 δέ
382 711 450 772 μιν
475 687 726 770 εῑςορόωντες
752 688 904 774 ἀμήχανα
929 689 1141 755 δινεύοντα
1179 731 1182 735 ²

251 787 389 852 ἔκτοθεν
410 784 590 852 ἀντιόωσιν
619 782 773 872 ἀρηγόνες
804 784 876 854 οὐδ’
906 788 1062 854 ἐλίποντο

249 885 490 969 τειρόμενον·
518 890 573 949 καί
596 883 662 950 ποῦ
688 910 747 961 τις
774 885 838 970 ἑὴν
865 884 980 972 ὤρεξε
1004 887 1152 969 διασχών

250 980 367 1069 οῦρὴν
393 981 470 1068 δῦτε
494 985 587 1068 χεῖρα
613 984 730 1066 λαβεῖν
755 984 915 1050 ἔντοσθεν
943 984 1099 1072 ἑταίρῳ·

201 1100 205 1105 ·
249 1078 354 1166 αὐτὰρ
384 1078 402 1145 ό
432 1080 505 1155 δαξ
532 1081 593 1164 μὲν
623 1081 759 1167 ἔρεισεν,
790 1081 808 1147 ὁ
838 1081 871 1148 δ’
895 1084 1071 1151 ἔσπασεν
1100 1085 1195 1161 ἄϊδος
1224 1083 1293 1158 ἔξω

251 1176 351 1263 οῦρην
376 1177 551 1264 ἤγήτειραν
576 1178 643 1244 ῦπό
671 1180 778 1264 στόμα
803 1181 927 1266 δεσμόν
948 1183 1080 1265 ἔχοντα·

251 1272 397 1342 πολλάκι
426 1278 464 1343 δὲ
492 1275 768 1364 προβαλόντος
799 1278 864 1364 ἑὴν
894 1279 1084 1347 ἔντοσθεν
1113 1279 1274 1355 ἁλόντος

252 1372 370 1461 οῦρην
399 1374 515 1451 ἄλλος
545 1375 705 1462 ἕμαρψε
734 1378 799 1441 καὶ
827 1374 1034 1464 ἐξείρυσσε
1063 1377 1211 1461 θόραζε

250 1473 449 1558 ἑσπόμενον·
475 1476 619 1550 τοιοϊςδε
645 1473 788 1559 νοήμασι
811 1476 941 1560 πότμον
963 1476 1094 1555 ἄλυξαν.

149 1577 263 1638 Eadem
286 1575 462 1638 Plutarchus
485 1577 524 1637 ita
547 1596 576 1655 p.
592 1576 704 1637 9770:

252 1667 367 1737 οῦτοι
389 1673 426 1737 δὲ
441 1676 498 1736 καὶ
513 1683 599 1748 τοϊς
616 1674 672 1746 εἰς
693 1670 831 1755 κόρτον
851 1671 1076 1756 ἐμπεσοῦσι
1095 1672 1162 1746 τὰς
1177 1668 1296 1755 οῦρόις

250 1770 503 1856 παραδόντες
529 1771 690 1845 ἔξωθεν
713 1769 872 1835 ἕλκουσι
893 1770 1115 1846 δάκνοντας
1134 1767 1295 1853 πρόθό-

201 1912 204 1916 -
250 1892 349 1954 μους
367 1871 423 1935 καὶ
444 1869 743 1949 συνεξάγουσιν,
764 1905 807 1916 -
826 1872 885 1933 nisi
907 1873 985 1952 quod
1006 1872 1094 1934 etiarn
1116 1889 1208 1951 pauca
1223 1871 1295 1931 baec

249 1970 426 2033 Plutarchus
457 1971 625 2051 praemisit:
659 1965 761 2031 ’Λλλα
795 1967 832 2032 δὲ
866 1967 1095 2032 ἐπιδείκνυται
1125 1965 1208 2050 μετὰ
1235 1968 1295 2028 τοῦ

251 2069 389 2132 συνετοῦ
414 2069 452 2131 τὸ
475 2066 670 2132 κοινωνικόν
690 2066 746 2129 καὶ
765 2067 802 2129 τό
824 2060 1032 2150 φιλάλληλον
1047 2061 1154 2147 ὥςπερ
1174 2061 1294 2128 δινθόαι

250 2166 306 2228 καὶ
321 2161 449 2248 σκάροι.
495 2164 641 2249 σκάρου
667 2163 807 2248 μὲνγὰρ
833 2159 1049 2249 άγκιστρον
1074 2161 1295 2227 καταπιόν-

250 2283 314 2336 τος
334 2259 372 2326 oi
392 2262 585 2347 παρόντες
605 2262 744 2345 σκάροι
765 2261 1082 2347 προςαλλόμενοι
1101 2262 1160 2346 τὴν
1175 2258 1296 2344 ὁρμιὰν

249 2360 574 2445 α’ποτριόγουσινς
600 2383 676 2444 quae
692 2364 780 2426 etiam
797 2364 875 2444 apud
890 2363 1059 2444 Oppianum
1071 2373 1142 2424 sunt
1153 2363 1190 2424 lv
1201 2382 1227 2424 v.
1241 2361 1292 2435 43,

251 2470 286 2523 ut
307 2461 444 2534 diximus,
471 2463 523 2523 ubi
547 2459 692 2523 πολλάκι
719 2460 940 2544 πληγέντος
963 2459 1029 2524 υπ’
1051 2455 1294 2544 δγκόστροιο

251 2555 366 2632 ἄλλος
393 2557 561 2634 ἐπαΐξας
587 2556 759 2644 πρόμαχος
786 2559 932 2644 σκάρος
962 2557 1124 2625 ὀδοῦσιν
1153 2556 1295 2643 δρμιην

251 2653 456 2740 άπέκερσε.
976 2658 989 2740 J

237 2755 376 2818 ovidiana
402 2764 501 2818 autern
528 2765 589 2818 tam
617 2776 706 2838 prave
732 2767 870 2838 corrupta
898 2757 982 2821 verba
1009 2760 1041 2821 in
1061 2780 1085 2821 v.
1107 2761 1233 2841 15sqq.,
1261 2770 1295 2822 ut

149 2855 305 2917 emendata
321 2855 489 2918 describere
504 2856 639 2918 nondum
655 2857 753 2918 liceat:

251 2953 441 3028 Quinetiam
465 2955 489 3015 si
511 2955 589 3016 forte
611 2942 715 3036 aliquis
739 2955 862 3036 dampno
887 2961 999 3016 nataret

250 3051 328 3113 alitis
349 3053 513 3142 luctantem
537 3070 636 3115 scarus
659 3052 739 3116 huno
760 3053 791 3114 in
813 3052 922 3115 vimine
944 3054 1025 3128 vidit,

249 3151 353 3212 Aversi
376 3152 500 3213 caudam
523 3168 627 3212 morsu
648 3158 731 3213 tenet
753 3159 841 3231 atque
864 3152 914 3213 lita

253 3247 330 3309 Uber
351 3257 468 3311 servato
492 3267 581 3328 quem
605 3248 680 3309 texit
702 3267 758 3328 que
780 3248 913 3311 resultet.

150 3345 264 3408 Tamen
289 3346 347 3408 hoo
361 3346 479 3426 quidem
507 3346 606 3408 statim
634 3347 738 3421 elucet,
764 3347 839 3409 soari
860 3365 926 3408 oum
943 3345 1077 3426 Oppiano
1097 3356 1216 3410 auctore
1236 3349 1295 3410 du-

148 3444 220 3525 plici
238 3445 283 3506 via
303 3444 413 3506 vimine
433 3463 551 3508 scarum
570 3444 706 3519 liberent,
727 3464 829 3507 earum
849 3446 971 3507 alteram
992 3444 1112 3525 quidem
1134 3447 1295 3509 clarissime

149 3543 246 3622 repeti
269 3562 285 3605 a
304 3542 477 3616 Plutarcho,
504 3544 625 3607 alteram
649 3550 679 3605 et
703 3544 821 3625 quidem
842 3544 1039 3623 posteriorem
1059 3543 1142 3623 (inde
1165 3563 1224 3606 av.
1241 3545 1295 3624 θλ)

149 3640 256 3704 afalso
271 3641 385 3703 Ovidio.

237 3738 380 3818 Superest
409 3747 443 3801 ut
472 3738 629 3801 lectionem
658 3758 806 3801 curemus.
849 3741 888 3801 Et
916 3740 1037 3820 quidem
1063 3740 1150 3803 verba
1177 3745 1203 3802 ει·
1226 3743 1296 3805 vidit

149 3837 262 3918 optime
277 3838 457 3918 respondere
475 3838 609 3919 Oppiano
630 3846 751 3918 apparet
767 3839 818 3920 qui
833 3838 921 3900 habet
942 3833 974 3899 οἱ
998 3835 1036 3900 δέ
1050 3860 1109 3919 μιν
1124 3837 1295 3921 εἶςορόιον-

146 3958 210 4009 τες.
241 3936 315 3998 item
336 3938 435 3998 mitis
451 3957 552 3999 scarus
577 3955 639 3999 non
660 3944 765 4016 sponte
781 3937 898 4009 dieitur,
920 3937 971 3998 sed
992 3936 1059 4015 quia
1080 3946 1181 3998 auctor
1196 3936 1243 3997 ille
1260 3957 1295 3999 ex

150 4054 210 4114 quo
225 4035 283 4097 ista
297 4036 408 4097 fluxere
420 4036 521 4097 mitem
533 4054 650 4097 suarum
662 4053 727 4096 esse
742 4043 771 4095 et
786 4030 989 4116 φιλάλληλον
1000 4033 1050 4112 (ei.
1065 4033 1190 4114 Oppiani
1202 4055 1227 4094 v.
1241 4035 1294 4110 to)

149 4135 205 4194 hae
232 4134 402 4195 narratione
431 4134 614 4213 probaverat.
669 4133 730 4193 lam
760 4151 830 4194 vero
860 4132 891 4193 in
923 4151 947 4193 v.
970 4134 1008 4192 15
1039 4150 1161 4211 regnare
1191 4133 1293 4194 Heinsi

149 4232 269 4312 aliquod
283 4239 465 4312 temptamen
479 4232 556 4294 solet
571 4234 651 4312 quod
666 4231 736 4292 luit:
1045 4232 1049 4242 '

352 4330 377 4391 si
399 4332 475 4392 forte
497 4330 602 4410 aliquis
626 4331 697 4391 dum
719 4325 873 4407 praenatat
894 4335 974 4390 aroto

224 4480 230 4490 ,
251 4427 327 4490 Mitis
349 4429 511 4493 luctantem
532 4446 633 4492 scarus
656 4428 737 4490 buno
758 4427 788 4488 in
810 4427 921 4490 uim-ine
942 4427 1029 4504 vidit3
