<?xml version="1.0" encoding="UTF-8"?>
<!DOCTYPE html PUBLIC "-//W3C//DTD XHTML 1.0 Transitional//EN"
    "http://www.w3.org/TR/xhtml1/DTD/xhtml1-transitional.dtd">
<html xmlns="http://www.w3.org/1999/xhtml" xml:lang="en" lang="en">
 <head>
  <title>
</title>
<meta http-equiv="Content-Type" content="text/html;charset=utf-8" />
  <meta name='ocr-system' content='tesseract 3.04.00' />
  <meta name='ocr-capabilities' content='ocr_page ocr_carea ocr_par ocr_line ocrx_word'/>
</head>
<body>
  <div class='ocr_page' id='page_1' title='image "./dehalieuticisov00birtgoog_0162.png"; bbox 0 0 2902 5040; ppageno 0'>
   <div class='ocr_carea' id='block_1_1' title="bbox 690 286 929 350">
    <p class='ocr_par' dir='ltr' id='par_1_1' title="bbox 690 286 929 350">
     <span class='ocr_line' id='line_1_1' title="bbox 690 286 929 350; baseline 0.004 -1"><span class='ocrx_word' id='word_1_1' title='bbox 690 286 929 350; x_wconf 52' lang='lat'>-2116-</span> 
     </span>
    </p>
   </div>
   <div class='ocr_carea' id='block_1_2' title="bbox 237 461 1382 3317">
    <p class='ocr_par' dir='ltr' id='par_1_2' title="bbox 237 461 1382 3317">
     <span class='ocr_line' id='line_1_2' title="bbox 243 461 1381 542; baseline 0.001 -18"><span class='ocrx_word' id='word_1_2' title='bbox 243 463 306 536; x_wconf 87' lang='lat' dir='ltr'>Qua</span> <span class='ocrx_word' id='word_1_3' title='bbox 339 480 479 542; x_wconf 88' lang='lat' dir='ltr'>pecorum</span> <span class='ocrx_word' id='word_1_4' title='bbox 510 461 704 526; x_wconf 83' lang='lat' dir='ltr'>similitudine</span> <span class='ocrx_word' id='word_1_5' title='bbox 736 462 806 524; x_wconf 89' lang='lat' dir='ltr'>inde</span> <span class='ocrx_word' id='word_1_6' title='bbox 831 461 867 524; x_wconf 87' lang='lat' dir='ltr'>ab</span> <span class='ocrx_word' id='word_1_7' title='bbox 890 462 1046 524; x_wconf 73' lang='lat' dir='ltr'>Aristotele</span> <span class='ocrx_word' id='word_1_8' title='bbox 1066 462 1197 542; x_wconf 77' lang='lat' dir='ltr'>antiquis</span> <span class='ocrx_word' id='word_1_9' title='bbox 1224 463 1381 525; x_wconf 88' lang='lat' dir='ltr'>notissima</span> 
     </span>
     <span class='ocr_line' id='line_1_3' title="bbox 242 558 1379 644; baseline 0 -22"><span class='ocrx_word' id='word_1_10' title='bbox 242 562 314 642; x_wconf 90' lang='lat' dir='ltr'>pisci</span> <span class='ocrx_word' id='word_1_11' title='bbox 348 561 436 623; x_wconf 88' lang='lat' dir='ltr'>etiam</span> <span class='ocrx_word' id='word_1_12' title='bbox 464 580 572 623; x_wconf 89' lang='lat' dir='ltr'>nomen</span> <span class='ocrx_word' id='word_1_13' title='bbox 595 558 700 644; x_wconf 82' lang='grc' dir='ltr'><strong><em>μήρυξ</em></strong></span> <span class='ocrx_word' id='word_1_14' title='bbox 721 564 765 624; x_wconf 89' lang='lat' dir='ltr'>vel</span> <span class='ocrx_word' id='word_1_15' title='bbox 787 559 889 644; x_wconf 78' lang='grc' dir='ltr'><strong><em>βήρυξ</em></strong></span> <span class='ocrx_word' id='word_1_16' title='bbox 909 562 1040 623; x_wconf 88' lang='lat' dir='ltr'>invaluit.</span> <span class='ocrx_word' id='word_1_17' title='bbox 1085 563 1260 643; x_wconf 78' lang='lat' dir='ltr'>Sequuntur</span> <span class='ocrx_word' id='word_1_18' title='bbox 1280 571 1379 623; x_wconf 87' lang='lat' dir='ltr'>autem</span> 
     </span>
     <span class='ocr_line' id='line_1_4' title="bbox 242 660 1379 740; baseline 0 -18"><span class='ocrx_word' id='word_1_19' title='bbox 242 679 341 740; x_wconf 87' lang='lat' dir='ltr'>regem</span> <span class='ocrx_word' id='word_1_20' title='bbox 364 661 533 740; x_wconf 89' lang='lat' dir='ltr'>aquaticum</span> <span class='ocrx_word' id='word_1_21' title='bbox 555 661 575 721; x_wconf 93' lang='lat' dir='ltr'>ii</span> <span class='ocrx_word' id='word_1_22' title='bbox 598 660 755 740; x_wconf 92' lang='lat' dir='ltr'>dequibus</span> <span class='ocrx_word' id='word_1_23' title='bbox 771 662 863 722; x_wconf 90' lang='lat' dir='ltr'>valeat</span> <span class='ocrx_word' id='word_1_24' title='bbox 886 661 954 722; x_wconf 94' lang='lat' dir='ltr'>illud</span> <span class='ocrx_word' id='word_1_25' title='bbox 978 661 1060 733; x_wconf 82' lang='lat' dir='ltr'>„Nos</span> <span class='ocrx_word' id='word_1_26' title='bbox 1076 680 1220 723; x_wconf 88' lang='lat' dir='ltr'>numerus</span> <span class='ocrx_word' id='word_1_27' title='bbox 1243 666 1379 734; x_wconf 80' lang='lat' dir='ltr'>sumus“,</span> 
     </span>
     <span class='ocr_line' id='line_1_5' title="bbox 242 759 1381 841; baseline 0.001 -21"><span class='ocrx_word' id='word_1_28' title='bbox 242 759 452 840; x_wconf 77' lang='lat' dir='ltr'>secundumque</span> <span class='ocrx_word' id='word_1_29' title='bbox 468 779 556 840; x_wconf 77' lang='lat' dir='ltr'>pecus</span> <span class='ocrx_word' id='word_1_30' title='bbox 572 778 690 821; x_wconf 82' lang='lat' dir='ltr'>maenae</span> <span class='ocrx_word' id='word_1_31' title='bbox 707 760 877 840; x_wconf 81' lang='lat' dir='ltr'>lamirosqne</span> <span class='ocrx_word' id='word_1_32' title='bbox 895 764 1051 841; x_wconf 68' lang='lat' dir='ltr'>ornantque</span> <span class='ocrx_word' id='word_1_33' title='bbox 1065 780 1090 820; x_wconf 92' lang='lat' dir='ltr'>v.</span> <span class='ocrx_word' id='word_1_34' title='bbox 1110 761 1187 837; x_wconf 76' lang='lat'>1203</span> <span class='ocrx_word' id='word_1_35' title='bbox 1214 769 1302 840; x_wconf 88' lang='lat' dir='ltr'>atque</span> <span class='ocrx_word' id='word_1_36' title='bbox 1323 760 1381 821; x_wconf 92' lang='lat' dir='ltr'>sub</span> 
     </span>
     <span class='ocr_line' id='line_1_6' title="bbox 241 857 1380 939; baseline 0 -21"><span class='ocrx_word' id='word_1_37' title='bbox 241 858 339 921; x_wconf 88' lang='lat' dir='ltr'>herbis</span> <span class='ocrx_word' id='word_1_38' title='bbox 361 857 555 922; x_wconf 78' lang='lat' dir='ltr'>viridantibus</span> <span class='ocrx_word' id='word_1_39' title='bbox 589 867 617 920; x_wconf 90' lang='lat' dir='ltr'>et</span> <span class='ocrx_word' id='word_1_40' title='bbox 640 877 802 921; x_wconf 88' lang='lat' dir='ltr'>maenam</span> <span class='ocrx_word' id='word_1_41' title='bbox 826 866 856 921; x_wconf 90' lang='lat' dir='ltr'>et</span> <span class='ocrx_word' id='word_1_42' title='bbox 877 860 1017 921; x_wconf 90' lang='lat' dir='ltr'>sruarin</span> <span class='ocrx_word' id='word_1_43' title='bbox 1039 859 1171 922; x_wconf 89' lang='lat' dir='ltr'>babitare</span> <span class='ocrx_word' id='word_1_44' title='bbox 1194 878 1228 920; x_wconf 87' lang='lat' dir='ltr'>ex</span> <span class='ocrx_word' id='word_1_45' title='bbox 1252 858 1380 939; x_wconf 87' lang='lat' dir='ltr'>Oppiani</span> 
     </span>
     <span class='ocr_line' id='line_1_7' title="bbox 241 957 1379 1038; baseline 0 -20"><span class='ocrx_word' id='word_1_46' title='bbox 241 976 266 1018; x_wconf 91' lang='lat' dir='ltr'>v.</span> <span class='ocrx_word' id='word_1_47' title='bbox 285 957 345 1019; x_wconf 89' lang='grc'>108</span> <span class='ocrx_word' id='word_1_48' title='bbox 361 966 447 1019; x_wconf 91' lang='lat' dir='ltr'>antea</span> <span class='ocrx_word' id='word_1_49' title='bbox 462 957 668 1038; x_wconf 74' lang='lat' dir='ltr'>probavimus3</span> <span class='ocrx_word' id='word_1_50' title='bbox 689 968 753 1021; x_wconf 87' lang='lat' dir='ltr'>arte</span> <span class='ocrx_word' id='word_1_51' title='bbox 768 959 906 1038; x_wconf 90' lang='lat' dir='ltr'>componi</span> <span class='ocrx_word' id='word_1_52' title='bbox 922 967 1019 1020; x_wconf 89' lang='lat' dir='ltr'>autem</span> <span class='ocrx_word' id='word_1_53' title='bbox 1035 978 1099 1021; x_wconf 87' lang='lat' dir='ltr'>eam</span> <span class='ocrx_word' id='word_1_54' title='bbox 1115 966 1239 1038; x_wconf 89' lang='lat' dir='ltr'>propter</span> <span class='ocrx_word' id='word_1_55' title='bbox 1261 975 1379 1018; x_wconf 88' lang='lat' dir='ltr'>causam</span> 
     </span>
     <span class='ocr_line' id='line_1_8' title="bbox 240 1050 1381 1139; baseline 0 -23"><span class='ocrx_word' id='word_1_56' title='bbox 240 1056 313 1118; x_wconf 89' lang='lat' dir='ltr'>baec</span> <span class='ocrx_word' id='word_1_57' title='bbox 327 1056 385 1118; x_wconf 81' lang='lat' dir='ltr'>rluo</span> <span class='ocrx_word' id='word_1_58' title='bbox 402 1057 521 1119; x_wconf 89' lang='lat' dir='ltr'>nomina</span> <span class='ocrx_word' id='word_1_59' title='bbox 537 1057 681 1131; x_wconf 82' lang='lat' dir='ltr'>adsolent,</span> <span class='ocrx_word' id='word_1_60' title='bbox 704 1059 772 1139; x_wconf 87' lang='lat' dir='ltr'>quia</span> <span class='ocrx_word' id='word_1_61' title='bbox 794 1075 866 1120; x_wconf 88' lang='lat' dir='ltr'>num</span> <span class='ocrx_word' id='word_1_62' title='bbox 883 1058 960 1119; x_wconf 86' lang='lat' dir='ltr'>forte</span> <span class='ocrx_word' id='word_1_63' title='bbox 976 1059 1023 1120; x_wconf 90' lang='lat' dir='ltr'>bic</span> <span class='ocrx_word' id='word_1_64' title='bbox 1039 1067 1117 1120; x_wconf 85' lang='lat' dir='ltr'>unns</span> <span class='ocrx_word' id='word_1_65' title='bbox 1139 1067 1170 1119; x_wconf 91' lang='lat' dir='ltr'>et</span> <span class='ocrx_word' id='word_1_66' title='bbox 1191 1057 1271 1118; x_wconf 87' lang='lat' dir='ltr'>idem</span> <span class='ocrx_word' id='word_1_67' title='bbox 1292 1050 1381 1134; x_wconf 87' lang='lat' dir='ltr'>piscis</span> 
     </span>
     <span class='ocr_line' id='line_1_9' title="bbox 240 1154 1379 1237; baseline 0 -22"><span class='ocrx_word' id='word_1_68' title='bbox 240 1162 318 1215; x_wconf 88' lang='lat' dir='ltr'>esset</span> <span class='ocrx_word' id='word_1_69' title='bbox 351 1155 540 1218; x_wconf 82' lang='lat' dir='ltr'>dubitabatur</span> <span class='ocrx_word' id='word_1_70' title='bbox 584 1156 781 1237; x_wconf 81' lang='lat' dir='ltr'>(Speusippus</span> <span class='ocrx_word' id='word_1_71' title='bbox 813 1157 892 1237; x_wconf 91' lang='lat' dir='ltr'>apud</span> <span class='ocrx_word' id='word_1_72' title='bbox 925 1158 1031 1218; x_wconf 79' lang='lat' dir='ltr'>Athen.</span> <span class='ocrx_word' id='word_1_73' title='bbox 1052 1175 1082 1236; x_wconf 93' lang='lat' dir='ltr'>p.</span> <span class='ocrx_word' id='word_1_74' title='bbox 1104 1155 1214 1229; x_wconf 74' lang='grc'>3131,</span> <span class='ocrx_word' id='word_1_75' title='bbox 1246 1154 1379 1216; x_wconf 80' lang='lat' dir='ltr'>indidem</span> 
     </span>
     <span class='ocr_line' id='line_1_10' title="bbox 242 1253 1380 1337; baseline -0.001 -23"><span class='ocrx_word' id='word_1_76' title='bbox 242 1253 400 1334; x_wconf 80' lang='lat' dir='ltr'>Hesychius</span> <span class='ocrx_word' id='word_1_77' title='bbox 433 1264 520 1337; x_wconf 91' lang='lat' dir='ltr'>atque</span> <span class='ocrx_word' id='word_1_78' title='bbox 554 1255 644 1318; x_wconf 90' lang='lat' dir='ltr'>schol.</span> <span class='ocrx_word' id='word_1_79' title='bbox 673 1255 747 1336; x_wconf 86' lang='lat' dir='ltr'>Opp.</span> <span class='ocrx_word' id='word_1_80' title='bbox 775 1256 838 1317; x_wconf 91' lang='lat' dir='ltr'>Hal.</span> <span class='ocrx_word' id='word_1_81' title='bbox 854 1256 894 1317; x_wconf 95' lang='lat' dir='ltr'>lll</span> <span class='ocrx_word' id='word_1_82' title='bbox 912 1255 994 1336; x_wconf 77' lang='lat'>188).</span> <span class='ocrx_word' id='word_1_83' title='bbox 1044 1256 1218 1317; x_wconf 87' lang='lat' dir='ltr'>Fecundum</span> <span class='ocrx_word' id='word_1_84' title='bbox 1253 1253 1380 1333; x_wconf 90' lang='lat' dir='ltr'>denique</span> 
     </span>
     <span class='ocr_line' id='line_1_11' title="bbox 240 1353 1378 1435; baseline -0.002 -21"><span class='ocrx_word' id='word_1_85' title='bbox 240 1353 316 1415; x_wconf 89' lang='lat' dir='ltr'>sicut</span> <span class='ocrx_word' id='word_1_86' title='bbox 338 1353 463 1434; x_wconf 89' lang='lat' dir='ltr'>piscium</span> <span class='ocrx_word' id='word_1_87' title='bbox 487 1373 581 1435; x_wconf 88' lang='lat' dir='ltr'>genus</span> <span class='ocrx_word' id='word_1_88' title='bbox 605 1355 663 1417; x_wconf 93' lang='lat' dir='ltr'>dici</span> <span class='ocrx_word' id='word_1_89' title='bbox 684 1356 748 1416; x_wconf 85' lang='lat' dir='ltr'>fere</span> <span class='ocrx_word' id='word_1_90' title='bbox 770 1375 863 1417; x_wconf 88' lang='lat' dir='ltr'>unum</span> <span class='ocrx_word' id='word_1_91' title='bbox 886 1356 1027 1435; x_wconf 88' lang='lat' dir='ltr'>quodque</span> <span class='ocrx_word' id='word_1_92' title='bbox 1050 1363 1182 1435; x_wconf 87' lang='lat' dir='ltr'>poterat,</span> <span class='ocrx_word' id='word_1_93' title='bbox 1213 1354 1254 1414; x_wconf 88' lang='lat' dir='ltr'>ita</span> <span class='ocrx_word' id='word_1_94' title='bbox 1276 1362 1378 1414; x_wconf 88' lang='lat' dir='ltr'>tamen</span> 
     </span>
     <span class='ocr_line' id='line_1_12' title="bbox 240 1452 1377 1546; baseline -0.003 -31"><span class='ocrx_word' id='word_1_95' title='bbox 240 1452 390 1532; x_wconf 83' lang='lat' dir='ltr'>aptissime</span> <span class='ocrx_word' id='word_1_96' title='bbox 412 1454 544 1534; x_wconf 80' lang='lat' dir='ltr'>pisciculi</span> <span class='ocrx_word' id='word_1_97' title='bbox 573 1454 623 1515; x_wconf 89' lang='lat' dir='ltr'>isti</span> <span class='ocrx_word' id='word_1_98' title='bbox 654 1453 764 1534; x_wconf 92' lang='lat' dir='ltr'>ubique</span> <span class='ocrx_word' id='word_1_99' title='bbox 787 1473 907 1535; x_wconf 87' lang='lat' dir='ltr'>semper</span> <span class='ocrx_word' id='word_1_100' title='bbox 928 1455 1099 1517; x_wconf 89' lang='lat' dir='ltr'>catervatim</span> <span class='ocrx_word' id='word_1_101' title='bbox 1125 1461 1272 1546; x_wconf 82' lang='lat' dir='ltr'>vagantes.</span> <span class='ocrx_word' id='word_1_102' title='bbox 1317 1452 1377 1513; x_wconf 89' lang='lat' dir='ltr'>lam</span> 
     </span>
     <span class='ocr_line' id='line_1_13' title="bbox 240 1538 1381 1634; baseline 0 -23"><span class='ocrx_word' id='word_1_103' title='bbox 240 1570 308 1612; x_wconf 87' lang='lat' dir='ltr'>vere</span> <span class='ocrx_word' id='word_1_104' title='bbox 342 1552 429 1614; x_wconf 89' lang='lat' dir='ltr'>etiam</span> <span class='ocrx_word' id='word_1_105' title='bbox 464 1538 613 1615; x_wconf 73' lang='lat' dir='ltr'>lamiios</span> <span class='ocrx_word' id='word_1_106' title='bbox 646 1553 832 1616; x_wconf 81' lang='lat' dir='ltr'>rarissimum</span> <span class='ocrx_word' id='word_1_107' title='bbox 861 1571 971 1615; x_wconf 91' lang='lat' dir='ltr'>nomen</span> <span class='ocrx_word' id='word_1_108' title='bbox 1000 1563 1088 1634; x_wconf 88' lang='lat' dir='ltr'>atque</span> <span class='ocrx_word' id='word_1_109' title='bbox 1116 1553 1161 1615; x_wconf 88' lang='lat' dir='ltr'>vix</span> <span class='ocrx_word' id='word_1_110' title='bbox 1189 1552 1239 1613; x_wconf 92' lang='lat' dir='ltr'>ulli</span> <span class='ocrx_word' id='word_1_111' title='bbox 1262 1561 1381 1631; x_wconf 85' lang='lat' dir='ltr'>praeter</span> 
     </span>
     <span class='ocr_line' id='line_1_14' title="bbox 240 1651 1380 1733; baseline -0.001 -21"><span class='ocrx_word' id='word_1_112' title='bbox 240 1652 295 1712; x_wconf 91' lang='lat' dir='ltr'>bos</span> <span class='ocrx_word' id='word_1_113' title='bbox 327 1661 430 1732; x_wconf 88' lang='lat' dir='ltr'>poetas</span> <span class='ocrx_word' id='word_1_114' title='bbox 462 1651 641 1714; x_wconf 90' lang='lat' dir='ltr'>celebratum</span> <span class='ocrx_word' id='word_1_115' title='bbox 674 1661 705 1713; x_wconf 92' lang='lat' dir='ltr'>et</span> <span class='ocrx_word' id='word_1_116' title='bbox 743 1653 806 1732; x_wconf 88' lang='lat' dir='ltr'>ipse</span> <span class='ocrx_word' id='word_1_117' title='bbox 850 1653 885 1714; x_wconf 91' lang='lat' dir='ltr'>ad</span> <span class='ocrx_word' id='word_1_118' title='bbox 918 1671 1023 1715; x_wconf 86' lang='lat' dir='ltr'>arenas</span> <span class='ocrx_word' id='word_1_119' title='bbox 1065 1652 1214 1733; x_wconf 87' lang='lat' dir='ltr'>pertinere</span> <span class='ocrx_word' id='word_1_120' title='bbox 1253 1668 1380 1731; x_wconf 88' lang='lat' dir='ltr'>esseque</span> 
     </span>
     <span class='ocr_line' id='line_1_15' title="bbox 239 1749 1382 1832; baseline -0.001 -22"><span class='ocrx_word' id='word_1_121' title='bbox 239 1751 342 1812; x_wconf 88' lang='lat' dir='ltr'>similis</span> <span class='ocrx_word' id='word_1_122' title='bbox 365 1768 519 1813; x_wconf 77' lang='lat' dir='ltr'>nuenarum</span> <span class='ocrx_word' id='word_1_123' title='bbox 541 1750 742 1831; x_wconf 82' lang='lat' dir='ltr'>pisciculus</span> <span class='ocrx_word' id='word_1_124' title='bbox 733 1769 763 1812; x_wconf 85' lang='lat' dir='ltr'>an</span> <span class='ocrx_word' id='word_1_125' title='bbox 787 1751 840 1812; x_wconf 84' lang='lat' dir='ltr'>alia</span> <span class='ocrx_word' id='word_1_126' title='bbox 863 1752 928 1813; x_wconf 93' lang='lat' dir='ltr'>libri</span> <span class='ocrx_word' id='word_1_127' title='bbox 955 1752 1042 1814; x_wconf 89' lang='lat' dir='ltr'>buius</span> <span class='ocrx_word' id='word_1_128' title='bbox 1064 1759 1148 1832; x_wconf 89' lang='lat' dir='ltr'>parte</span> <span class='ocrx_word' id='word_1_129' title='bbox 1169 1751 1275 1831; x_wconf 78' lang='lat' dir='ltr'>pili</span> <span class='ocrx_word' id='word_1_130' title='bbox 1298 1749 1382 1810; x_wconf 89' lang='lat' dir='ltr'>dice·</span> 
     </span>
     <span class='ocr_line' id='line_1_16' title="bbox 239 1849 1381 1930; baseline -0.004 -18"><span class='ocrx_word' id='word_1_131' title='bbox 239 1859 303 1922; x_wconf 78' lang='lat' dir='ltr'>tur3</span> <span class='ocrx_word' id='word_1_132' title='bbox 330 1868 411 1913; x_wconf 91' lang='lat' dir='ltr'>nuno</span> <span class='ocrx_word' id='word_1_133' title='bbox 433 1851 467 1911; x_wconf 93' lang='lat' dir='ltr'>ad</span> <span class='ocrx_word' id='word_1_134' title='bbox 491 1869 554 1911; x_wconf 88' lang='lat' dir='ltr'>rem</span> <span class='ocrx_word' id='word_1_135' title='bbox 578 1850 786 1913; x_wconf 89' lang='lat' dir='ltr'>observandam</span> <span class='ocrx_word' id='word_1_136' title='bbox 809 1850 989 1912; x_wconf 90' lang='lat' dir='ltr'>declinemus</span> <span class='ocrx_word' id='word_1_137' title='bbox 1010 1849 1239 1930; x_wconf 82' lang='lat' dir='ltr'>grammaticam.</span> <span class='ocrx_word' id='word_1_138' title='bbox 1284 1849 1381 1929; x_wconf 77' lang='lat' dir='ltr'>Atque</span> 
     </span>
     <span class='ocr_line' id='line_1_17' title="bbox 238 1947 1379 2030; baseline -0.003 -20"><span class='ocrx_word' id='word_1_139' title='bbox 238 1949 369 2028; x_wconf 89' lang='lat' dir='ltr'>primum</span> <span class='ocrx_word' id='word_1_140' title='bbox 393 1950 523 2030; x_wconf 78' lang='lat' dir='ltr'>lomprus</span> <span class='ocrx_word' id='word_1_141' title='bbox 544 1949 689 2029; x_wconf 90' lang='lat' dir='ltr'>scriptura</span> <span class='ocrx_word' id='word_1_142' title='bbox 712 1949 863 2011; x_wconf 90' lang='lat' dir='ltr'>socordiae</span> <span class='ocrx_word' id='word_1_143' title='bbox 885 1948 1008 2010; x_wconf 85' lang='lat' dir='ltr'>Gesneri</span> <span class='ocrx_word' id='word_1_144' title='bbox 1037 1948 1176 2021; x_wconf 79' lang='lat' dir='ltr'>debetur3</span> <span class='ocrx_word' id='word_1_145' title='bbox 1209 1956 1310 2009; x_wconf 88' lang='lat' dir='ltr'>tamen</span> <span class='ocrx_word' id='word_1_146' title='bbox 1332 1947 1379 2026; x_wconf 91' lang='lat' dir='ltr'>ip·</span> 
     </span>
     <span class='ocr_line' id='line_1_18' title="bbox 239 2035 1381 2128; baseline -0.003 -20"><span class='ocrx_word' id='word_1_147' title='bbox 239 2048 300 2108; x_wconf 91' lang='lat' dir='ltr'>sius</span> <span class='ocrx_word' id='word_1_148' title='bbox 331 2057 436 2128; x_wconf 88' lang='lat' dir='ltr'>poetae</span> <span class='ocrx_word' id='word_1_149' title='bbox 460 2035 559 2111; x_wconf 84' lang='lat' dir='ltr'>mente</span> <span class='ocrx_word' id='word_1_150' title='bbox 587 2049 750 2111; x_wconf 88' lang='lat' dir='ltr'>inhaesisse</span> <span class='ocrx_word' id='word_1_151' title='bbox 773 2064 844 2110; x_wconf 90' lang='lat' dir='ltr'>sane</span> <span class='ocrx_word' id='word_1_152' title='bbox 867 2066 974 2110; x_wconf 91' lang='lat' dir='ltr'>sonum</span> <span class='ocrx_word' id='word_1_153' title='bbox 997 2047 1110 2109; x_wconf 90' lang='lat' dir='ltr'>conicio</span> <span class='ocrx_word' id='word_1_154' title='bbox 1137 2047 1284 2109; x_wconf 88' lang='lat' dir='ltr'>clausulae</span> <span class='ocrx_word' id='word_1_155' title='bbox 1307 2045 1381 2107; x_wconf 88' lang='lat' dir='ltr'>ller-</span> 
     </span>
     <span class='ocr_line' id='line_1_19' title="bbox 238 2145 1380 2228; baseline -0.002 -21"><span class='ocrx_word' id='word_1_156' title='bbox 238 2147 362 2224; x_wconf 89' lang='lat' dir='ltr'>gilianae</span> <span class='ocrx_word' id='word_1_157' title='bbox 395 2147 483 2210; x_wconf 89' lang='lat' dir='ltr'>buius</span> <span class='ocrx_word' id='word_1_158' title='bbox 517 2167 592 2228; x_wconf 89' lang='lat' dir='ltr'>quae</span> <span class='ocrx_word' id='word_1_159' title='bbox 625 2148 689 2228; x_wconf 91' lang='lat' dir='ltr'>ipsa</span> <span class='ocrx_word' id='word_1_160' title='bbox 712 2166 830 2228; x_wconf 91' lang='lat' dir='ltr'>quoque</span> <span class='ocrx_word' id='word_1_161' title='bbox 852 2146 882 2208; x_wconf 91' lang='lat' dir='ltr'>iu</span> <span class='ocrx_word' id='word_1_162' title='bbox 907 2147 1062 2209; x_wconf 91' lang='lat' dir='ltr'>nominum</span> <span class='ocrx_word' id='word_1_163' title='bbox 1085 2146 1310 2208; x_wconf 87' lang='lat' dir='ltr'>enumeratione</span> <span class='ocrx_word' id='word_1_164' title='bbox 1332 2145 1380 2206; x_wconf 90' lang='lat' dir='ltr'>iu·</span> 
     </span>
     <span class='ocr_line' id='line_1_20' title="bbox 238 2245 1380 2327; baseline -0.002 -21"><span class='ocrx_word' id='word_1_165' title='bbox 238 2246 365 2308; x_wconf 89' lang='lat' dir='ltr'>texitur:</span> <span class='ocrx_word' id='word_1_166' title='bbox 388 2266 439 2308; x_wconf 85' lang='lat' dir='ltr'>aec</span> <span class='ocrx_word' id='word_1_167' title='bbox 459 2265 520 2309; x_wconf 83' lang='lat' dir='ltr'>aea</span> <span class='ocrx_word' id='word_1_168' title='bbox 539 2247 748 2327; x_wconf 78' lang='lat' dir='ltr'>Lamyrumque</span> <span class='ocrx_word' id='word_1_169' title='bbox 768 2245 952 2326; x_wconf 78' lang='lat' dir='ltr'>Lamumque.</span> <span class='ocrx_word' id='word_1_170' title='bbox 996 2246 1069 2308; x_wconf 85' lang='lat' dir='ltr'>lude</span> <span class='ocrx_word' id='word_1_171' title='bbox 1091 2246 1170 2308; x_wconf 89' lang='lat' dir='ltr'>enim</span> <span class='ocrx_word' id='word_1_172' title='bbox 1194 2245 1380 2324; x_wconf 90' lang='lat' dir='ltr'>aliquatenus</span> 
     </span>
     <span class='ocr_line' id='line_1_21' title="bbox 238 2343 1379 2426; baseline -0.002 -20"><span class='ocrx_word' id='word_1_173' title='bbox 238 2345 399 2425; x_wconf 85' lang='lat' dir='ltr'>explicasse</span> <span class='ocrx_word' id='word_1_174' title='bbox 423 2347 532 2419; x_wconf 90' lang='lat' dir='ltr'>videor,</span> <span class='ocrx_word' id='word_1_175' title='bbox 561 2364 614 2408; x_wconf 92' lang='lat' dir='ltr'>our</span> <span class='ocrx_word' id='word_1_176' title='bbox 644 2346 761 2407; x_wconf 90' lang='lat' dir='ltr'>brevem</span> <span class='ocrx_word' id='word_1_177' title='bbox 790 2346 919 2408; x_wconf 85' lang='lat' dir='ltr'>scribere</span> <span class='ocrx_word' id='word_1_178' title='bbox 940 2355 1027 2426; x_wconf 91' lang='lat' dir='ltr'>poeta</span> <span class='ocrx_word' id='word_1_179' title='bbox 1051 2346 1130 2408; x_wconf 91' lang='lat' dir='ltr'>vocis</span> <span class='ocrx_word' id='word_1_180' title='bbox 1152 2345 1269 2407; x_wconf 83' lang='lat' dir='ltr'>lamiros</span> <span class='ocrx_word' id='word_1_181' title='bbox 1292 2343 1379 2423; x_wconf 79' lang='lat' dir='ltr'>sylla—</span> 
     </span>
     <span class='ocr_line' id='line_1_22' title="bbox 238 2440 1378 2528; baseline -0.002 -24"><span class='ocrx_word' id='word_1_182' title='bbox 238 2443 305 2505; x_wconf 90' lang='lat' dir='ltr'>bam</span> <span class='ocrx_word' id='word_1_183' title='bbox 339 2446 465 2526; x_wconf 89' lang='lat' dir='ltr'>primam</span> <span class='ocrx_word' id='word_1_184' title='bbox 499 2464 590 2508; x_wconf 90' lang='lat' dir='ltr'>ausus</span> <span class='ocrx_word' id='word_1_185' title='bbox 623 2445 675 2518; x_wconf 82' lang='lat' dir='ltr'>sit3</span> <span class='ocrx_word' id='word_1_186' title='bbox 713 2453 791 2507; x_wconf 87' lang='lat' dir='ltr'>certe</span> <span class='ocrx_word' id='word_1_187' title='bbox 826 2452 855 2506; x_wconf 88' lang='lat' dir='ltr'>et</span> <span class='ocrx_word' id='word_1_188' title='bbox 877 2440 1011 2527; x_wconf 79' lang='grc' dir='ltr'>λάρινος</span> <span class='ocrx_word' id='word_1_189' title='bbox 1040 2452 1070 2507; x_wconf 91' lang='lat' dir='ltr'>et</span> <span class='ocrx_word' id='word_1_190' title='bbox 1092 2440 1231 2528; x_wconf 78' lang='grc' dir='ltr'>λάριμος</span> <span class='ocrx_word' id='word_1_191' title='bbox 1261 2443 1378 2521; x_wconf 83' lang='lat' dir='ltr'>longam</span> 
     </span>
     <span class='ocr_line' id='line_1_23' title="bbox 238 2538 1379 2628; baseline -0.003 -24"><span class='ocrx_word' id='word_1_192' title='bbox 238 2543 381 2616; x_wconf 83' lang='lat' dir='ltr'>sorvabat,</span> <span class='ocrx_word' id='word_1_193' title='bbox 414 2551 504 2623; x_wconf 88' lang='lat' dir='ltr'>atque</span> <span class='ocrx_word' id='word_1_194' title='bbox 536 2563 571 2606; x_wconf 85' lang='lat' dir='ltr'>ex</span> <span class='ocrx_word' id='word_1_195' title='bbox 604 2538 743 2626; x_wconf 80' lang='grc' dir='ltr'>λα’ριμος</span> <span class='ocrx_word' id='word_1_196' title='bbox 769 2553 867 2605; x_wconf 92' lang='lat' dir='ltr'>ortum</span> <span class='ocrx_word' id='word_1_197' title='bbox 891 2541 1029 2628; x_wconf 83' lang='grc' dir='ltr'>λάμιρος</span> <span class='ocrx_word' id='word_1_198' title='bbox 1057 2545 1160 2606; x_wconf 90' lang='lat' dir='ltr'>eadem</span> <span class='ocrx_word' id='word_1_199' title='bbox 1188 2543 1302 2605; x_wconf 89' lang='lat' dir='ltr'>ratione</span> <span class='ocrx_word' id='word_1_200' title='bbox 1332 2549 1379 2602; x_wconf 89' lang='lat' dir='ltr'>est</span> 
     </span>
     <span class='ocr_line' id='line_1_24' title="bbox 238 2640 1376 2724; baseline -0.002 -20"><span class='ocrx_word' id='word_1_201' title='bbox 238 2660 296 2722; x_wconf 91' lang='lat' dir='ltr'>qua</span> <span class='ocrx_word' id='word_1_202' title='bbox 329 2643 440 2705; x_wconf 85' lang='lat' dir='ltr'>Ornlon</span> <span class='ocrx_word' id='word_1_203' title='bbox 472 2664 525 2724; x_wconf 90' lang='lat' dir='ltr'>pro</span> <span class='ocrx_word' id='word_1_204' title='bbox 559 2643 649 2705; x_wconf 86' lang='lat' dir='ltr'>Oloro</span> <span class='ocrx_word' id='word_1_205' title='bbox 683 2642 828 2705; x_wconf 90' lang='lat' dir='ltr'>vocabant</span> <span class='ocrx_word' id='word_1_206' title='bbox 861 2651 890 2704; x_wconf 93' lang='lat' dir='ltr'>et</span> <span class='ocrx_word' id='word_1_207' title='bbox 919 2643 1103 2723; x_wconf 78' lang='lat' dir='ltr'>Menalippes</span> <span class='ocrx_word' id='word_1_208' title='bbox 1129 2660 1184 2722; x_wconf 89' lang='lat' dir='ltr'>pro</span> <span class='ocrx_word' id='word_1_209' title='bbox 1212 2640 1376 2721; x_wconf 83' lang='lat' dir='ltr'>Melanippe</span> 
     </span>
     <span class='ocr_line' id='line_1_25' title="bbox 239 2739 1380 2823; baseline -0.002 -21"><span class='ocrx_word' id='word_1_210' title='bbox 239 2750 327 2822; x_wconf 83' lang='lat' dir='ltr'>atque</span> <span class='ocrx_word' id='word_1_211' title='bbox 343 2741 464 2804; x_wconf 85' lang='lat' dir='ltr'>Ovidius</span> <span class='ocrx_word' id='word_1_212' title='bbox 486 2743 556 2823; x_wconf 87' lang='lat' dir='ltr'>ipse,</span> <span class='ocrx_word' id='word_1_213' title='bbox 579 2751 612 2804; x_wconf 93' lang='lat' dir='ltr'>ut</span> <span class='ocrx_word' id='word_1_214' title='bbox 627 2743 753 2822; x_wconf 88' lang='lat' dir='ltr'>videtur,</span> <span class='ocrx_word' id='word_1_215' title='bbox 776 2741 843 2803; x_wconf 83' lang='lat' dir='ltr'>blet.</span> <span class='ocrx_word' id='word_1_216' title='bbox 859 2744 882 2803; x_wconf 85' lang='lat' dir='ltr'>V</span> <span class='ocrx_word' id='word_1_217' title='bbox 901 2741 959 2803; x_wconf 82' lang='lat'>128</span> <span class='ocrx_word' id='word_1_218' title='bbox 983 2740 1145 2803; x_wconf 89' lang='lat' dir='ltr'>bleualeum</span> <span class='ocrx_word' id='word_1_219' title='bbox 1163 2759 1217 2822; x_wconf 90' lang='lat' dir='ltr'>pro</span> <span class='ocrx_word' id='word_1_220' title='bbox 1232 2739 1380 2802; x_wconf 86' lang='lat' dir='ltr'>llelnneo.</span> 
     </span>
     <span class='ocr_line' id='line_1_26' title="bbox 237 2825 1375 2921; baseline 0 -20"><span class='ocrx_word' id='word_1_221' title='bbox 237 2841 334 2921; x_wconf 77' lang='lat' dir='ltr'>Atque</span> <span class='ocrx_word' id='word_1_222' title='bbox 357 2841 461 2902; x_wconf 88' lang='lat' dir='ltr'>vellem</span> <span class='ocrx_word' id='word_1_223' title='bbox 483 2825 643 2903; x_wconf 89' lang='lat' dir='ltr'>Halieutica</span> <span class='ocrx_word' id='word_1_224' title='bbox 676 2843 731 2903; x_wconf 93' lang='lat' dir='ltr'>ista</span> <span class='ocrx_word' id='word_1_225' title='bbox 766 2841 887 2919; x_wconf 83' lang='lat' dir='ltr'>legisset</span> <span class='ocrx_word' id='word_1_226' title='bbox 919 2840 969 2920; x_wconf 93' lang='lat' dir='ltr'>qui</span> <span class='ocrx_word' id='word_1_227' title='bbox 1003 2839 1136 2901; x_wconf 86' lang='lat' dir='ltr'>inversae</span> <span class='ocrx_word' id='word_1_228' title='bbox 1165 2838 1375 2901; x_wconf 88' lang='lat' dir='ltr'>vocabulorum</span> 
     </span>
     <span class='ocr_line' id='line_1_27' title="bbox 237 2937 1381 3021; baseline -0.003 -20"><span class='ocrx_word' id='word_1_229' title='bbox 237 2940 459 3020; x_wconf 84' lang='lat' dir='ltr'>peregrinorum</span> <span class='ocrx_word' id='word_1_230' title='bbox 482 2941 655 3021; x_wconf 90' lang='lat' dir='ltr'>quantitatis</span> <span class='ocrx_word' id='word_1_231' title='bbox 691 2961 725 3002; x_wconf 93' lang='lat' dir='ltr'>ac</span> <span class='ocrx_word' id='word_1_232' title='bbox 752 2957 908 3002; x_wconf 88' lang='lat' dir='ltr'>mensurae</span> <span class='ocrx_word' id='word_1_233' title='bbox 934 2941 1066 3020; x_wconf 87' lang='lat' dir='ltr'>exempla</span> <span class='ocrx_word' id='word_1_234' title='bbox 1098 2939 1311 3017; x_wconf 89' lang='lat' dir='ltr'>circumspecta</span> <span class='ocrx_word' id='word_1_235' title='bbox 1349 2937 1381 2998; x_wconf 92' lang='lat' dir='ltr'>in</span> 
     </span>
     <span class='ocr_line' id='line_1_28' title="bbox 239 3035 1382 3121; baseline -0.002 -22"><span class='ocrx_word' id='word_1_236' title='bbox 239 3038 404 3100; x_wconf 89' lang='lat' dir='ltr'>christianis</span> <span class='ocrx_word' id='word_1_237' title='bbox 427 3041 552 3102; x_wconf 81' lang='lat' dir='ltr'>maxime</span> <span class='ocrx_word' id='word_1_238' title='bbox 573 3040 667 3121; x_wconf 91' lang='lat' dir='ltr'>poetis</span> <span class='ocrx_word' id='word_1_239' title='bbox 690 3039 788 3101; x_wconf 91' lang='lat' dir='ltr'>latinis</span> <span class='ocrx_word' id='word_1_240' title='bbox 811 3038 997 3102; x_wconf 88' lang='lat' dir='ltr'>observantia</span> <span class='ocrx_word' id='word_1_241' title='bbox 1030 3037 1215 3119; x_wconf 89' lang='lat' dir='ltr'>conquisivit,</span> <span class='ocrx_word' id='word_1_242' title='bbox 1238 3037 1271 3098; x_wconf 80' lang='lat' dir='ltr'>l..</span> <span class='ocrx_word' id='word_1_243' title='bbox 1286 3035 1382 3098; x_wconf 89' lang='lat' dir='ltr'>llluel·</span> 
     </span>
     <span class='ocr_line' id='line_1_29' title="bbox 238 3134 1380 3219; baseline -0.001 -20"><span class='ocrx_word' id='word_1_244' title='bbox 238 3138 333 3200; x_wconf 92' lang='lat' dir='ltr'>lerum</span> <span class='ocrx_word' id='word_1_245' title='bbox 348 3138 414 3199; x_wconf 90' lang='lat' dir='ltr'>dico</span> <span class='ocrx_word' id='word_1_246' title='bbox 429 3138 464 3199; x_wconf 87' lang='lat' dir='ltr'>de</span> <span class='ocrx_word' id='word_1_247' title='bbox 478 3157 511 3201; x_wconf 90' lang='lat' dir='ltr'>re</span> <span class='ocrx_word' id='word_1_248' title='bbox 526 3146 612 3201; x_wconf 90' lang='lat' dir='ltr'>metr.</span> <span class='ocrx_word' id='word_1_249' title='bbox 628 3158 658 3219; x_wconf 92' lang='lat' dir='ltr'>p.</span> <span class='ocrx_word' id='word_1_250' title='bbox 675 3137 736 3200; x_wconf 81' lang='lat'>352</span> <span class='ocrx_word' id='word_1_251' title='bbox 749 3157 812 3218; x_wconf 92' lang='lat' dir='ltr'>sqq.</span> <span class='ocrx_word' id='word_1_252' title='bbox 850 3138 924 3199; x_wconf 90' lang='lat' dir='ltr'>Nam</span> <span class='ocrx_word' id='word_1_253' title='bbox 946 3138 1023 3200; x_wconf 87' lang='lat' dir='ltr'>sicut</span> <span class='ocrx_word' id='word_1_254' title='bbox 1038 3152 1240 3199; x_wconf 80' lang='lat' dir='ltr'>summosano</span> <span class='ocrx_word' id='word_1_255' title='bbox 1261 3134 1380 3198; x_wconf 88' lang='lat' dir='ltr'>licentia</span> 
     </span>
     <span class='ocr_line' id='line_1_30' title="bbox 238 3232 1382 3317; baseline -0.003 -19"><span class='ocrx_word' id='word_1_256' title='bbox 238 3245 343 3317; x_wconf 87' lang='lat' dir='ltr'>poetae</span> <span class='ocrx_word' id='word_1_257' title='bbox 358 3237 519 3300; x_wconf 88' lang='lat' dir='ltr'>utebantur</span> <span class='ocrx_word' id='word_1_258' title='bbox 534 3258 601 3302; x_wconf 91' lang='lat' dir='ltr'>cum</span> <span class='ocrx_word' id='word_1_259' title='bbox 616 3238 705 3299; x_wconf 90' lang='lat' dir='ltr'>modo</span> <span class='ocrx_word' id='word_1_260' title='bbox 716 3235 831 3299; x_wconf 68' lang='lat' dir='ltr'>Macedo</span> <span class='ocrx_word' id='word_1_261' title='bbox 847 3237 935 3299; x_wconf 91' lang='lat' dir='ltr'>modo</span> <span class='ocrx_word' id='word_1_262' title='bbox 947 3234 1124 3308; x_wconf 74' lang='lat' dir='ltr'>Macedmia,</span> <span class='ocrx_word' id='word_1_263' title='bbox 1140 3235 1231 3297; x_wconf 90' lang='lat' dir='ltr'>modo</span> <span class='ocrx_word' id='word_1_264' title='bbox 1242 3232 1382 3297; x_wconf 82' lang='lat' dir='ltr'>Stccla‘des</span> 
     </span>
    </p>
   </div>
   <div class='ocr_carea' id='block_1_3' title="bbox 236 3335 1381 4627">
    <p class='ocr_par' dir='ltr' id='par_1_3' title="bbox 236 3335 1381 4627">
     <span class='ocr_line' id='line_1_31' title="bbox 238 3335 1381 3437; baseline -0.003 -22"><span class='ocrx_word' id='word_1_265' title='bbox 238 3335 354 3417; x_wconf 80' lang='lat' dir='ltr'>italiam</span> <span class='ocrx_word' id='word_1_266' title='bbox 369 3354 471 3436; x_wconf 79' lang='lat' dir='ltr'>Apdlr&#39;a</span> <span class='ocrx_word' id='word_1_267' title='bbox 485 3354 574 3418; x_wconf 90' lang='lat' dir='ltr'>modo</span> <span class='ocrx_word' id='word_1_268' title='bbox 589 3354 704 3417; x_wconf 72' lang='lat' dir='ltr'>bisalos</span> <span class='ocrx_word' id='word_1_269' title='bbox 717 3337 810 3417; x_wconf 75' lang='lat' dir='ltr'>itales</span> <span class='ocrx_word' id='word_1_270' title='bbox 825 3353 934 3437; x_wconf 72' lang='lat' dir='ltr'>alpaidus</span> <span class='ocrx_word' id='word_1_271' title='bbox 948 3354 1097 3428; x_wconf 89' lang='lat' dir='ltr'>elierrent,</span> <span class='ocrx_word' id='word_1_272' title='bbox 1119 3348 1247 3433; x_wconf 88' lang='lat' dir='ltr'>scriptor</span> <span class='ocrx_word' id='word_1_273' title='bbox 1256 3349 1381 3412; x_wconf 84' lang='lat' dir='ltr'>Halieu-</span> 
     </span>
     <span class='ocr_line' id='line_1_32' title="bbox 238 3448 1380 3536; baseline -0.003 -21"><span class='ocrx_word' id='word_1_274' title='bbox 238 3453 365 3515; x_wconf 89' lang='lat' dir='ltr'>ticornm</span> <span class='ocrx_word' id='word_1_275' title='bbox 381 3454 567 3534; x_wconf 74' lang='lat' dir='ltr'>obrysopbrps</span> <span class='ocrx_word' id='word_1_276' title='bbox 581 3455 613 3516; x_wconf 93' lang='lat' dir='ltr'>in</span> <span class='ocrx_word' id='word_1_277' title='bbox 636 3471 724 3516; x_wconf 91' lang='lat' dir='ltr'>versu</span> <span class='ocrx_word' id='word_1_278' title='bbox 738 3471 851 3536; x_wconf 88' lang='lat' dir='ltr'>ponere</span> <span class='ocrx_word' id='word_1_279' title='bbox 873 3453 927 3515; x_wconf 94' lang='lat' dir='ltr'>sibi</span> <span class='ocrx_word' id='word_1_280' title='bbox 951 3453 1098 3516; x_wconf 88' lang='lat' dir='ltr'>concessit</span> <span class='ocrx_word' id='word_1_281' title='bbox 1113 3452 1256 3532; x_wconf 88' lang='lat' dir='ltr'>producta</span> <span class='ocrx_word' id='word_1_282' title='bbox 1271 3448 1380 3530; x_wconf 80' lang='lat' dir='ltr'>syllaba</span> 
     </span>
     <span class='ocr_line' id='line_1_33' title="bbox 239 3552 1378 3633; baseline 0 -21"><span class='ocrx_word' id='word_1_283' title='bbox 239 3552 349 3623; x_wconf 91' lang='lat' dir='ltr'>ultima,</span> <span class='ocrx_word' id='word_1_284' title='bbox 362 3571 429 3614; x_wconf 90' lang='lat' dir='ltr'>cum</span> <span class='ocrx_word' id='word_1_285' title='bbox 442 3553 665 3616; x_wconf 88' lang='lat' dir='ltr'>tamenGraecis</span> <span class='ocrx_word' id='word_1_286' title='bbox 677 3553 814 3615; x_wconf 91' lang='lat' dir='ltr'>omnibus</span> <span class='ocrx_word' id='word_1_287' title='bbox 823 3552 952 3633; x_wconf 80' lang='lat' dir='ltr'>dactylus</span> <span class='ocrx_word' id='word_1_288' title='bbox 961 3552 1274 3633; x_wconf 80' lang='lat' dir='ltr'>biopronuntiaretur3</span> <span class='ocrx_word' id='word_1_289' title='bbox 1287 3568 1378 3630; x_wconf 86' lang='lat' dir='ltr'>quae-</span> 
     </span>
     <span class='ocr_line' id='line_1_34' title="bbox 238 3646 1380 3736; baseline -0.003 -23"><span class='ocrx_word' id='word_1_290' title='bbox 238 3669 295 3732; x_wconf 87' lang='lat' dir='ltr'>que</span> <span class='ocrx_word' id='word_1_291' title='bbox 316 3652 349 3713; x_wconf 90' lang='lat' dir='ltr'>iu</span> <span class='ocrx_word' id='word_1_292' title='bbox 371 3671 442 3714; x_wconf 88' lang='lat' dir='ltr'>voce</span> <span class='ocrx_word' id='word_1_293' title='bbox 463 3652 588 3733; x_wconf 92' lang='lat' dir='ltr'>simplici</span> <span class='ocrx_word' id='word_1_294' title='bbox 610 3646 714 3736; x_wconf 78' lang='grc' dir='ltr'><em>ὀφρύς</em></span> <span class='ocrx_word' id='word_1_295' title='bbox 734 3654 818 3733; x_wconf 89' lang='lat' dir='ltr'>langa</span> <span class='ocrx_word' id='word_1_296' title='bbox 840 3661 887 3714; x_wconf 90' lang='lat' dir='ltr'>est</span> <span class='ocrx_word' id='word_1_297' title='bbox 901 3672 921 3714; x_wconf 88' lang='lat' dir='ltr'><em>v</em></span> <span class='ocrx_word' id='word_1_298' title='bbox 936 3651 1061 3714; x_wconf 88' lang='lat' dir='ltr'>breviari</span> <span class='ocrx_word' id='word_1_299' title='bbox 1073 3669 1137 3713; x_wconf 89' lang='lat' dir='ltr'>eam</span> <span class='ocrx_word' id='word_1_300' title='bbox 1151 3651 1183 3712; x_wconf 87' lang='lat' dir='ltr'>iu</span> <span class='ocrx_word' id='word_1_301' title='bbox 1205 3647 1380 3731; x_wconf 86' lang='lat' dir='ltr'>compositis</span> 
     </span>
     <span class='ocr_line' id='line_1_35' title="bbox 237 3748 1379 3835; baseline -0.001 -24"><span class='ocrx_word' id='word_1_302' title='bbox 237 3751 302 3830; x_wconf 89' lang='lat' dir='ltr'>lege</span> <span class='ocrx_word' id='word_1_303' title='bbox 316 3759 452 3813; x_wconf 91' lang='lat' dir='ltr'>sanctum</span> <span class='ocrx_word' id='word_1_304' title='bbox 467 3761 570 3835; x_wconf 87' lang='lat' dir='ltr'>postea</span> <span class='ocrx_word' id='word_1_305' title='bbox 586 3753 622 3815; x_wconf 96' lang='lat' dir='ltr'>ab</span> <span class='ocrx_word' id='word_1_306' title='bbox 637 3753 803 3815; x_wconf 88' lang='lat' dir='ltr'>Herodiano</span> <span class='ocrx_word' id='word_1_307' title='bbox 819 3760 876 3828; x_wconf 89' lang='lat' dir='ltr'>est;</span> <span class='ocrx_word' id='word_1_308' title='bbox 898 3759 928 3814; x_wconf 90' lang='lat' dir='ltr'>at</span> <span class='ocrx_word' id='word_1_309' title='bbox 951 3751 1029 3813; x_wconf 92' lang='lat' dir='ltr'>euim</span> <span class='ocrx_word' id='word_1_310' title='bbox 1045 3750 1114 3830; x_wconf 90' lang='lat' dir='ltr'>quia</span> <span class='ocrx_word' id='word_1_311' title='bbox 1128 3748 1224 3812; x_wconf 85' lang='lat' dir='ltr'>linitio</span> <span class='ocrx_word' id='word_1_312' title='bbox 1244 3766 1280 3828; x_wconf 78' lang='lat' dir='ltr'>ps</span> <span class='ocrx_word' id='word_1_313' title='bbox 1302 3748 1379 3831; x_wconf 88' lang='lat' dir='ltr'>apud</span> 
     </span>
     <span class='ocr_line' id='line_1_36' title="bbox 237 3847 1378 3933; baseline -0.001 -23"><span class='ocrx_word' id='word_1_314' title='bbox 237 3847 356 3912; x_wconf 92' lang='lat' dir='ltr'>Latinos</span> <span class='ocrx_word' id='word_1_315' title='bbox 369 3869 490 3931; x_wconf 91' lang='lat' dir='ltr'>prorsus</span> <span class='ocrx_word' id='word_1_316' title='bbox 500 3851 717 3933; x_wconf 82' lang='lat' dir='ltr'>inexpectatum</span> <span class='ocrx_word' id='word_1_317' title='bbox 733 3849 1231 3924; x_wconf 88' lang='lat' dir='ltr'>eveuiret&#39;extenderetur‚s1satius</span> <span class='ocrx_word' id='word_1_318' title='bbox 1244 3849 1378 3911; x_wconf 83' lang='lat' dir='ltr'>eritcae-</span> 
     </span>
     <span class='ocr_line' id='line_1_37' title="bbox 238 3926 1378 4026; baseline 0 -16"><span class='ocrx_word' id='word_1_319' title='bbox 238 3967 322 4012; x_wconf 89' lang='lat' dir='ltr'>surae</span> <span class='ocrx_word' id='word_1_320' title='bbox 339 3949 396 4011; x_wconf 90' lang='lat' dir='ltr'>vim</span> <span class='ocrx_word' id='word_1_321' title='bbox 413 3950 563 4014; x_wconf 88' lang='lat' dir='ltr'>criminari</span> <span class='ocrx_word' id='word_1_322' title='bbox 573 3950 806 4026; x_wconf 84' lang='lat' dir='ltr'>semiternariae,</span> <span class='ocrx_word' id='word_1_323' title='bbox 829 3949 912 4014; x_wconf 89' lang='lat' dir='ltr'>cuius</span> <span class='ocrx_word' id='word_1_324' title='bbox 927 3926 1009 4012; x_wconf 90' lang='lat' dir='ltr'>hiatu</span> <span class='ocrx_word' id='word_1_325' title='bbox 1025 3948 1152 4012; x_wconf 88' lang='lat' dir='ltr'>clausula</span> <span class='ocrx_word' id='word_1_326' title='bbox 1168 3949 1296 4012; x_wconf 88' lang='lat' dir='ltr'>membri</span> <span class='ocrx_word' id='word_1_327' title='bbox 1311 3964 1378 4010; x_wconf 86' lang='lat' dir='ltr'>me-</span> 
     </span>
     <span class='ocr_line' id='line_1_38' title="bbox 236 4044 1378 4143; baseline 0 -35"><span class='ocrx_word' id='word_1_328' title='bbox 236 4047 303 4110; x_wconf 88' lang='lat' dir='ltr'>trici</span> <span class='ocrx_word' id='word_1_329' title='bbox 318 4048 395 4130; x_wconf 93' lang='lat' dir='ltr'>quod</span> <span class='ocrx_word' id='word_1_330' title='bbox 412 4050 582 4113; x_wconf 89' lang='lat' dir='ltr'>antecedit</span> <span class='ocrx_word' id='word_1_331' title='bbox 573 4059 613 4112; x_wconf 81' lang='lat' dir='ltr'>xta</span> <span class='ocrx_word' id='word_1_332' title='bbox 629 4050 773 4130; x_wconf 86' lang='lat' dir='ltr'>excipitur</span> <span class='ocrx_word' id='word_1_333' title='bbox 788 4069 872 4131; x_wconf 79' lang='lat' dir='ltr'>quasi</span> <span class='ocrx_word' id='word_1_334' title='bbox 864 4049 993 4131; x_wconf 82' lang='lat' dir='ltr'>syllaba</span> <span class='ocrx_word' id='word_1_335' title='bbox 1008 4066 1116 4130; x_wconf 91' lang='lat' dir='ltr'>anceps</span> <span class='ocrx_word' id='word_1_336' title='bbox 1131 4046 1179 4111; x_wconf 89' lang='lat' dir='ltr'>sit.</span> <span class='ocrx_word' id='word_1_337' title='bbox 1206 4045 1283 4120; x_wconf 85' lang='lat' dir='ltr'>Quid</span> <span class='ocrx_word' id='word_1_338' title='bbox 1298 4044 1378 4143; x_wconf 89' lang='lat' dir='ltr'>quod</span> 
     </span>
     <span class='ocr_line' id='line_1_39' title="bbox 238 4136 1377 4231; baseline -0.002 -24"><span class='ocrx_word' id='word_1_339' title='bbox 238 4166 262 4208; x_wconf 92' lang='lat' dir='ltr'>v.</span> <span class='ocrx_word' id='word_1_340' title='bbox 282 4147 340 4209; x_wconf 91' lang='grc'>101</span> <span class='ocrx_word' id='word_1_341' title='bbox 353 4147 496 4231; x_wconf 81' lang='lat' dir='ltr'>pompilos</span> <span class='ocrx_word' id='word_1_342' title='bbox 507 4150 638 4231; x_wconf 78' lang='lat' dir='ltr'>dactylus</span> <span class='ocrx_word' id='word_1_343' title='bbox 651 4150 830 4212; x_wconf 85' lang='lat' dir='ltr'>Graecorum</span> <span class='ocrx_word' id='word_1_344' title='bbox 846 4149 998 4211; x_wconf 87' lang='lat' dir='ltr'>scanditur</span> <span class='ocrx_word' id='word_1_345' title='bbox 1008 4167 1063 4228; x_wconf 88' lang='lat' dir='ltr'>pro</span> <span class='ocrx_word' id='word_1_346' title='bbox 1075 4138 1210 4209; x_wconf 89' lang='lat' dir='ltr'>bacobio!</span> <span class='ocrx_word' id='word_1_347' title='bbox 1234 4136 1355 4227; x_wconf 77' lang='lat' dir='ltr'>Atque</span> <span class='ocrx_word' id='word_1_348' title='bbox 1345 4160 1377 4207; x_wconf 85' lang='grc' dir='ltr'>ιιι</span> 
     </span>
     <span class='ocr_line' id='line_1_40' title="bbox 237 4243 1378 4330; baseline 0.002 -25"><span class='ocrx_word' id='word_1_349' title='bbox 237 4245 294 4307; x_wconf 93' lang='lat' dir='ltr'>boc</span> <span class='ocrx_word' id='word_1_350' title='bbox 308 4246 428 4328; x_wconf 87' lang='lat' dir='ltr'>quidem</span> <span class='ocrx_word' id='word_1_351' title='bbox 445 4249 578 4328; x_wconf 89' lang='lat' dir='ltr'>exemplo</span> <span class='ocrx_word' id='word_1_352' title='bbox 594 4249 660 4330; x_wconf 91' lang='lat' dir='ltr'>quis</span> <span class='ocrx_word' id='word_1_353' title='bbox 677 4267 738 4312; x_wconf 91' lang='lat' dir='ltr'>nou</span> <span class='ocrx_word' id='word_1_354' title='bbox 754 4247 812 4309; x_wconf 90' lang='lat' dir='ltr'>vim</span> <span class='ocrx_word' id='word_1_355' title='bbox 828 4257 967 4328; x_wconf 81' lang='lat' dir='ltr'>agnoscet</span> <span class='ocrx_word' id='word_1_356' title='bbox 981 4253 1120 4309; x_wconf 90' lang='lat' dir='ltr'>accentus</span> <span class='ocrx_word' id='word_1_357' title='bbox 1135 4243 1231 4324; x_wconf 59' lang='lat' dir='ltr'>gram</span> <span class='ocrx_word' id='word_1_358' title='bbox 1243 4280 1285 4290; x_wconf 89' lang='lat'>—</span> <span class='ocrx_word' id='word_1_359' title='bbox 1301 4246 1378 4307; x_wconf 90' lang='lat' dir='ltr'>acci·</span> 
     </span>
     <span class='ocr_line' id='line_1_41' title="bbox 238 4343 1377 4430; baseline -0.001 -24"><span class='ocrx_word' id='word_1_360' title='bbox 238 4346 347 4407; x_wconf 89' lang='lat' dir='ltr'>nebant</span> <span class='ocrx_word' id='word_1_361' title='bbox 363 4346 472 4408; x_wconf 89' lang='lat' dir='ltr'>scilicet</span> <span class='ocrx_word' id='word_1_362' title='bbox 489 4343 714 4430; x_wconf 81' lang='grc' dir='ltr'><em>πομπίλος-</em></span> <span class='ocrx_word' id='word_1_363' title='bbox 730 4367 787 4428; x_wconf 94' lang='lat' dir='ltr'>qua</span> <span class='ocrx_word' id='word_1_364' title='bbox 803 4347 905 4409; x_wconf 90' lang='lat' dir='ltr'>eadem</span> <span class='ocrx_word' id='word_1_365' title='bbox 923 4347 949 4408; x_wconf 90' lang='lat' dir='ltr'>vi</span> <span class='ocrx_word' id='word_1_366' title='bbox 966 4356 995 4409; x_wconf 92' lang='lat' dir='ltr'>et</span> <span class='ocrx_word' id='word_1_367' title='bbox 1010 4343 1157 4429; x_wconf 79' lang='grc' dir='ltr'><em>Βηλίδης</em></span> <span class='ocrx_word' id='word_1_368' title='bbox 1176 4363 1231 4425; x_wconf 89' lang='lat' dir='ltr'>pro</span> <span class='ocrx_word' id='word_1_369' title='bbox 1247 4346 1377 4406; x_wconf 90' lang='lat' dir='ltr'>molosso</span> 
     </span>
     <span class='ocr_line' id='line_1_42' title="bbox 237 4444 1376 4528; baseline -0.002 -22"><span class='ocrx_word' id='word_1_370' title='bbox 237 4452 341 4525; x_wconf 91' lang='lat' dir='ltr'>poetae</span> <span class='ocrx_word' id='word_1_371' title='bbox 362 4446 494 4526; x_wconf 91' lang='lat' dir='ltr'>accipere</span> <span class='ocrx_word' id='word_1_372' title='bbox 517 4445 718 4509; x_wconf 88' lang='lat' dir='ltr'>invitabantur</span> <span class='ocrx_word' id='word_1_373' title='bbox 744 4456 773 4509; x_wconf 89' lang='lat' dir='ltr'>et</span> <span class='ocrx_word' id='word_1_374' title='bbox 792 4444 1022 4528; x_wconf 73' lang='grc' dir='ltr'><strong><em>Λυκουργίδης</em></strong></span> <span class='ocrx_word' id='word_1_375' title='bbox 1041 4464 1095 4525; x_wconf 91' lang='lat' dir='ltr'>pro</span> <span class='ocrx_word' id='word_1_376' title='bbox 1111 4444 1376 4524; x_wconf 86' lang='lat' dir='ltr'>proceleusmatico</span> 
     </span>
     <span class='ocr_line' id='line_1_43' title="bbox 239 4541 1376 4627; baseline -0.001 -23"><span class='ocrx_word' id='word_1_377' title='bbox 239 4542 336 4622; x_wconf 75' lang='lat' dir='ltr'>tOvidi</span> <span class='ocrx_word' id='word_1_378' title='bbox 350 4545 391 4606; x_wconf 95' lang='lat' dir='ltr'>lb.</span> <span class='ocrx_word' id='word_1_379' title='bbox 408 4544 498 4625; x_wconf 79' lang='lat' dir='ltr'>bdl);</span> <span class='ocrx_word' id='word_1_380' title='bbox 518 4546 650 4627; x_wconf 81' lang='lat' dir='ltr'>falsoque</span> <span class='ocrx_word' id='word_1_381' title='bbox 664 4545 731 4608; x_wconf 90' lang='lat' dir='ltr'>ideo</span> <span class='ocrx_word' id='word_1_382' title='bbox 747 4545 866 4625; x_wconf 91' lang='lat' dir='ltr'>scripsit</span> <span class='ocrx_word' id='word_1_383' title='bbox 880 4544 1037 4607; x_wconf 88' lang='lat' dir='ltr'>Muellerus</span> <span class='ocrx_word' id='word_1_384' title='bbox 1052 4563 1081 4624; x_wconf 91' lang='lat' dir='ltr'>p.</span> <span class='ocrx_word' id='word_1_385' title='bbox 1099 4542 1160 4605; x_wconf 81' lang='lat'>356</span> <span class='ocrx_word' id='word_1_386' title='bbox 1175 4541 1376 4605; x_wconf 81' lang='lat' dir='ltr'>inversionem</span> 
     </span>
    </p>
   </div>
   <div class='ocr_carea' id='block_1_4' title="bbox 0 0 1456 5040">
    <p class='ocr_par' dir='ltr' id='par_1_4' title="bbox 0 0 1456 5040">
     <span class='ocr_line' id='line_1_44' title="bbox 0 0 1456 5040; baseline 0 1"><span class='ocrx_word' id='word_1_387' title='bbox 0 0 1456 5040; x_wconf 95' lang='lat' dir='ltr'> </span> 
     </span>
    </p>
   </div>
  </div>
 </body>
</html>
