2902 5040
616 303 837 369 ..14-

154 484 288 542 miratur.
332 481 432 560 ltaque
454 501 529 561 quae
548 483 585 543 ad
601 484 778 544 firmandum
798 483 937 544 iudicium
955 484 1150 562 adportantur
1165 482 1301 564 exempla

154 598 216 642 uon
239 580 364 659 simplici
386 580 437 641 sed
462 581 571 659 duplici
593 582 709 643 adnecti
737 583 816 643 vides
844 582 984 660 particula
1008 587 1096 644 etsta
1117 591 1146 644 et
1167 601 1301 663 eamque.

154 680 255 740 Pravo.
307 678 408 757 Neque
441 678 506 739 ideo
541 679 621 740 buno
654 699 772 742 versum
805 689 856 742 aut
887 680 1008 741 Ovidius
1039 681 1156 760 scripsit
1187 682 1302 760 quippe

154 779 206 855 qlui
231 778 371 838 alterutra
400 778 442 838 uti
464 796 582 857 semper
610 779 682 840 satis
705 779 827 841 baberet
855 789 906 840 aut
933 779 1006 839 alius
1036 779 1192 858 quisquam
1221 779 1304 855 frugi

152 885 249 954 poeta.
281 875 344 936 lloc
365 875 470 936 uitium
485 876 638 938 Ouidianis
652 877 829 938 lectionibus
845 877 922 937 tueri
938 876 1065 938 debebat
1088 877 1219 954 Zingerle
1250 876 1304 956 qui

153 993 180 1053 p.
206 972 246 1034 29
268 974 298 1033 iu
327 993 362 1034 eo
392 984 437 1035 est
464 981 583 1035 utnon
616 994 735 1054 semper
766 993 889 1055 oamqtce
911 975 1007 1054 primo
1038 975 1200 1036 sententiae
1232 975 1303 1036 loca

153 1081 231 1134 stare
253 1072 434 1150 comprobet.

237 1172 334 1249 Atque
355 1170 413 1232 iam
436 1171 508 1232 baec
531 1171 596 1232 vide
620 1172 656 1231 de
679 1171 784 1234 vitulo:

253 1268 310 1339 Qui
335 1269 468 1329 nondum
490 1269 565 1347 gerit
586 1269 617 1329 in
640 1278 741 1330 tenera
764 1269 821 1330 iam
845 1287 955 1330 cornua
976 1269 1086 1330 fronte.

153 1367 210 1428 Diu
220 1367 343 1446 cogitavi
363 1385 435 1428 num
448 1368 523 1428 forte
533 1376 690 1446 corruptus
708 1367 788 1427 locus
802 1376 895 1428 esset:
917 1367 968 1427 sed
981 1368 1077 1428 donee
1088 1368 1167 1428 nulla
1181 1375 1303 1446 praesto

154 1465 267 1526 medela
290 1473 344 1540 est,
375 1465 575 1526 criminandus
598 1467 706 1526 iterum
728 1467 857 1543 scriptor
878 1464 928 1544 qui
951 1465 1015 1539 „vix
1040 1465 1151 1527 latine“
1178 1484 1302 1527 versum

154 1563 390 1624 conformaverit.
436 1564 499 1625 Scis
532 1568 591 1625 iura
614 1564 638 1624 si
661 1582 728 1624 cum
751 1564 914 1642 negationis
938 1564 1077 1625 adverbio
1108 1565 1302 1644 componitur

153 1662 232 1722 velut
254 1663 331 1739 apud
353 1662 501 1723 Nasonem
522 1683 547 1723 e.
571 1680 596 1740 g.
621 1662 689 1722 olet.
713 1662 757 1732 lv,
786 1659 847 1722 382
864 1671 892 1722 et
910 1661 985 1733 243,
1013 1662 1093 1723 idem
1124 1681 1189 1724 esse
1210 1670 1320 1740 atque.

153 1777 212 1821 aaa
250 1759 375 1839 amplba
415 1767 503 1839 atque
542 1760 723 1822 contrarium
763 1761 826 1821 voci
862 1761 999 1821 madum.
1050 1761 1087 1821 lt
1120 1761 1183 1833 hic,
1219 1761 1302 1839 quod

153 1857 200 1918 vix
235 1859 351 1929 credas,
386 1867 416 1918 et
447 1862 505 1919 iura
540 1860 624 1919 adest
657 1868 686 1919 et
718 1858 860 1932 madum,
894 1876 1021 1936 quorum
1056 1859 1181 1919 alterum
1215 1857 1301 1918 alteri

154 1964 273 2034 apparet
297 1956 419 2018 mirifice
449 1974 634 2036 oppugnare3
667 1973 784 2016 memor
816 1956 904 2016 modo
937 1956 977 2016 sis
1011 1975 1114 2017 versus
1141 1955 1302 2035 Vergiliani

153 2053 257 2133 Georg.
291 2054 333 2127 ll,·
369 2053 445 2115 322:
484 2074 548 2117 cum
580 2055 699 2134 rapidus
731 2053 781 2114 Sol
811 2054 982 2115 Nondum
1020 2053 1130 2116 hiemen
1162 2057 1303 2133 contingit

153 2157 243 2231 equeb,
276 2153 348 2213 iam
374 2158 514 2232 praeterit
546 2164 647 2214 aestas.
707 2153 809 2231 Neque
842 2153 940 2213 solent
971 2153 1111 2231 coniungi
1145 2152 1202 2214 nisi
1235 2152 1302 2212 fere

152 2254 211 2310 iam
246 2252 308 2323 diu,
342 2255 401 2312 tara
425 2252 551 2330 padam,
582 2256 641 2312 iam
671 2250 795 2321 dudum,
826 2254 885 2311 iam
914 2251 1048 2330 denique,
1081 2255 1140 2313 iam
1172 2252 1300 2322 tandem,

151 2352 211 2409 iam
241 2352 304 2428 scre
343 2350 390 2425 (cf.
426 2349 520 2409 Handi
554 2347 641 2410 Turs.
675 2356 696 2408 t.
731 2348 787 2419 lll;
825 2348 1018 2426 Forbigerum
1055 2349 1090 2409 ad
1124 2348 1230 2426 Vergil.
1265 2349 1300 2408 Α.

152 2446 187 2519 ll,
222 2447 278 2520 703
311 2446 449 2524 Draegeri
484 2446 621 2524 Syntaxis
655 2446 666 2514 ,Ι
699 2463 728 2524 p.
755 2445 841 2525 115).
886 2446 973 2506 Vides
1006 2446 1042 2507 ad
1074 2455 1134 2508 tum
1168 2445 1300 2508 futtilem

152 2544 328 2623 scripturam
363 2543 516 2604 bominem
550 2543 710 2605 adductum
745 2561 806 2604 non
840 2542 931 2604 luisse
969 2544 1026 2604 nisi
1064 2542 1126 2604 dira
1167 2544 1301 2605 necessi-

151 2651 211 2703 tate
238 2661 305 2702 oum
334 2641 516 2721 semipedem
545 2647 680 2704 octavum
703 2641 781 2703 bene
804 2641 922 2720 explere
944 2642 1123 2720 desperaret,
1147 2640 1302 2720 voluitque

152 2740 243 2820 accipi
276 2745 334 2802 iam
367 2760 403 2803 eo
436 2759 529 2803 sensu
558 2749 591 2801 ut
624 2749 669 2800 est
702 2740 778 2819 apud
813 2738 982 2801 Cornelium
1016 2739 1171 2818 Nepotem,
1207 2739 1300 2800 modo

150 2846 232 2899 recte
268 2838 392 2900 traditus
429 2839 511 2901 locus
544 2839 581 2899 sit
617 2837 686 2916 (18,
721 2836 786 2917 lt):
827 2855 886 2898 aaa
920 2842 979 2898 tara
1017 2837 1050 2899 de
1082 2856 1114 2898 eo
1152 2848 1302 2916 cumptum

151 2955 209 2997 esse
230 2937 408 3016 supplicium,
437 2938 487 2999 ubi
515 2946 565 2999 aut
592 2938 721 2998 nondum
753 2936 891 3015 intellege
925 2938 975 2997 au't
1008 2936 1193 2998 emendatius
1217 2936 1298 3014 lego:

150 3053 209 3095 aaa
245 3039 305 3096 iam
346 3036 396 3098 diu
430 3036 463 3097 dc
496 3054 527 3098 co
560 3045 703 3114 sumptura
736 3053 793 3096 esse
825 3033 1009 3115 supplicium·
1051 3033 1180 3113 perbene
1214 3033 1299 3096 enim

150 3133 209 3193 iam
232 3134 378 3213 pergitur:
414 3151 507 3214 apua
529 3140 573 3194 tot
601 3149 695 3194 annos
728 3143 819 3195 esseut
851 3133 925 3194 male
957 3134 1057 3205 botai,
1091 3131 1300 3211 scriptumque

151 3330 272 3390 tertium
306 3330 395 3391 diem.
445 3331 530 3409 Apud
562 3329 714 3392 Manilium
742 3329 766 3390 ll
793 3349 819 3390 r.
850 3328 910 3389 767
950 3348 1004 3408 pro
1036 3332 1121 3389 ctiam
1154 3336 1298 3407 corrupto

150 3427 271 3488 medum
300 3433 408 3509 (neque
442 3448 511 3490 vero
544 3447 595 3490 aec
616 3432 686 3505 iam)
709 3427 899 3488 scribendum
924 3444 989 3487 esse
1012 3426 1139 3487 diximus
1164 3425 1196 3485 in
1219 3425 1297 3486 blus.

150 3525 244 3586 Rben.
268 3525 374 3586 XXXll
404 3546 432 3605 p.
462 3526 524 3585 417
554 3526 622 3588 adn.
646 3524 682 3600 23
715 3525 747 3585 in
775 3525 882 3601 Paneg.
912 3523 1009 3584 Pison.
1039 3541 1063 3583 v.
1089 3522 1151 3583 240
1184 3523 1299 3585 rectius

149 3644 201 3686 aee
222 3635 282 3685 tura
296 3625 516 3687 restituendum
533 3632 605 3686 erat.
634 3624 761 3685 Prorsus
783 3622 837 3682 alia
852 3639 900 3682 res
916 3630 1013 3682 autem
1031 3640 1056 3681 e.
1073 3640 1100 3699 g.
1120 3621 1152 3681 in
1167 3620 1298 3681 heroicis

150 3722 284 3786 versibus
312 3732 358 3786 est
386 3744 402 3785 a
425 3724 565 3786 Petronio
595 3722 681 3802 capiti
705 3720 765 3782 135
792 3719 925 3781 inmissis
954 3719 1006 3779 ubi
1034 3718 1120 3778 verba
1152 3736 1203 3778 aec
1236 3721 1298 3778 iam

150 3821 256 3883 calcato
282 3823 416 3884 radiabat
443 3839 587 3883 marmore
615 3831 695 3881 terra
720 3816 939 3896 interpretanda
968 3816 1109 3876 nimirum
1138 3815 1178 3876 ita
1206 3823 1296 3876 sunt:

149 3937 246 4001 nequo
268 3929 347 3983 terra
370 3937 519 3982 marmore
541 3917 674 3981 radiabat
695 3917 773 3978 sicut
793 3915 907 3976 radiare
930 3913 1017 3974 bodie
1041 3931 1189 3974 marmore
1220 3914 1298 3974 solet

147 4018 207 4080 iam
230 4019 339 4080 calcato
362 4019 408 4082 vel
429 4018 555 4080 calcibus
578 4015 738 4077 hominum·
757 4015 814 4076 iarn
838 4013 956 4074 detrito.
1002 4013 1097 4084 Quem
1120 4019 1187 4090 apte
1218 4030 1297 4073 con-

148 4118 258 4179 ferrem
281 4118 380 4180 looum
403 4117 524 4179 unicum
551 4115 608 4176 ridi
631 4114 772 4175 Varronis
803 4113 838 4173 de
867 4130 899 4173 re
925 4118 998 4172 rust.
1027 4108 1062 4181 ll,
1087 4108 1115 4181 2,
1140 4108 1176 4168 2:
1213 4111 1297 4184 (oves

148 4217 380 4297 cognoscuntur)
403 4217 438 4278 ab
461 4226 561 4286 aetate,
583 4217 610 4275 si
628 4231 716 4292 mque
739 4209 849 4273 vetulae
869 4220 938 4270 suot
957 4225 1047 4286 aeque
1068 4224 1164 4267 mnae
1191 4224 1294 4285 agaae,

148 4316 221 4393 quad
243 4316 350 4378 alterae
372 4320 430 4377 iam
451 4313 594 4384 noudum,
629 4311 818 4372 abacelam
838 4327 897 4369 uon
914 4315 1034 4386 possrutt
1062 4304 1131 4366 dare
1152 4304 1295 4383 [mutum.

147 4411 190 4474 Dc
213 4432 271 4493 qua
292 4423 391 4476 tamen
413 4412 540 4475 lectione
560 4411 626 4472 iure
648 4417 701 4471 tuo
730 4406 875 4470 dubitabis
910 4403 960 4479 (of.
984 4401 1156 4464 Schneidcri
1190 4403 1296 4482 script.
