2902 5040
568 322 785 388 ..53-

96 497 305 581 intellegemus
329 501 363 562 ad
387 500 611 562 admirationem
637 510 708 562 tunc
730 499 880 580 adspirare
895 498 1027 579 potuisse
1050 509 1168 579 poetam
1192 503 1244 582 qni

96 609 276 680 argumento
292 598 493 679 maximopere
504 600 609 661 triviali
620 599 848 679 grandissimam
864 597 1010 659 induisset
1024 599 1242 663 tractationem.

182 699 339 760 Praeterea
369 697 481 759 scillcet
508 717 557 758 res
579 698 752 759 inseruntur
775 697 920 758 heroicae.
964 696 999 756 ln
1030 695 1138 775 quibus
1167 716 1243 777 quae

96 798 133 857 de
156 797 277 875 Orpheo
301 804 331 857 ot
352 796 494 875 Eurydice
517 805 676 857 narrantur
699 794 794 857 efficta
818 802 919 875 aperte
943 800 1028 868 sunt,
1051 795 1130 874 quod
1152 797 1242 858 latere

95 894 232 974 potuisse
255 894 356 965 miror,
379 893 474 955 exiis
497 913 573 974 qnae
589 895 669 956 Gallo
693 894 815 973 expulso
838 893 913 954 libro
930 893 1095 972 Georgicon
1110 895 1147 956 lv
1168 896 1242 956 Ver-

96 994 184 1072 gilius
206 993 368 1062 indiderat:
393 1011 531 1072 compara
555 1002 586 1054 et
607 1000 705 1053 totum
729 1000 758 1052 et
781 991 937 1069 singularia
960 991 1049 1052 haec:
1073 991 1141 1053 Adit
1162 993 1240 1072 apud

96 1093 222 1154 alterum
256 1091 395 1170 Orpheus
432 1091 493 1154 ulte
522 1095 595 1152 osn‘o
622 1090 695 1151 Ditis
724 1101 750 1151 et
779 1092 855 1170 ipsus
885 1089 980 1150 domos
1010 1089 1060 1150 lert
1086 1101 1111 1151 et
1140 1094 1241 1152 intime

97 1190 226 1253 Portare
247 1189 345 1268 (Verg.
367 1209 392 1250 v.
417 1188 478 1250 467
501 1197 531 1250 et
553 1186 638 1264 481),
662 1189 740 1267 apud
763 1188 889 1250 alterum
914 1187 975 1249 adit
997 1200 1106 1250 moesto
1128 1189 1241 1252 obtento

93 1287 169 1350 Ditis
193 1289 344 1368 summme
368 1306 460 1366 regno
474 1287 662 1367 Defessosque
689 1288 787 1347 domos
812 1304 846 1347 uc
863 1283 989 1346 Tartaro
1016 1296 1096 1347 nocte
1122 1299 1241 1351 cruento

94 1386 187 1448 oleato
211 1385 288 1464 (Col.
312 1384 382 1445 273.
406 1385 499 1465 274);
533 1384 611 1463 apud
633 1385 716 1445 illum
746 1382 864 1462 Coeptus
886 1390 916 1443 et
940 1382 1022 1462 Styx,
1057 1385 1134 1463 apud
1160 1386 1241 1447 hunc

94 1483 229 1546 cernitur
265 1483 431 1563 Phlegethon
469 1483 541 1555 (Col.
570 1480 654 1558 272).
713 1482 815 1562 lbique
859 1490 931 1543 sunt
972 1486 1067 1544 neseio
1109 1483 1242 1546 monos

89 1583 226 1664 precibus
254 1599 449 1643 mansuescere
478 1582 566 1643 corde
595 1579 690 1658 (Verg.
708 1581 799 1655 470„
830 1580 894 1642 vhoc
923 1588 969 1641 est
1004 1580 1090 1642 illud:
1137 1583 1241 1644 Aeaee

93 1681 142 1742 dle
179 1680 313 1760 quidem,
354 1683 404 1759 qui
437 1683 532 1741 mitem
570 1676 711 1739 Cerberon
747 1698 874 1758 unquam
912 1679 1031 1739 credidit
1056 1697 1116 1758 eqs.
1161 1680 1239 1759 (Cui.

94 1778 157 1840 270
170 1779 238 1858 sep).
274 1778 336 1840 Cul.
351 1775 520 1838 278-285
543 1777 579 1837 ad
601 1775 753 1837 fortunam
778 1775 888 1855 Orphei
909 1785 995 1836 antea
1020 1779 1164 1841 valentem
1188 1801 1239 1842 ex-

94 1877 236 1944 curritur,
259 1876 310 1937 ubi
332 1874 364 1936 ni
385 1875 470 1936 fallor
484 1874 641 1953 llagitabis:
665 1874 741 1935 Tum
765 1875 863 1954 rapidi
874 1885 1009 1936 steterant
1032 1895 1130 1937 omnes
1151 1885 1240 1958 atque

93 1976 228 2056 Tumque
242 1978 331 2035 rmum
345 1974 432 2034 mir'di
449 1974 577 2034 redicem
597 1983 724 2034 moveret
747 1973 803 2034 otte
818 1971 947 2042 Qrcercns
968 1973 1054 2035 temo
1077 1974 1241 2054 (strepitans

93 2071 229 2149 remisi).
275 2072 434 2152 Sequentia
458 2071 544 2151 plane
565 2072 605 2132 ita
628 2070 877 2150 interpungenda:

260 2197 338 2259 Haec
360 2196 461 2257 eadem
485 2196 581 2274 potuit
603 2196 675 2256 [litis
698 2204 729 2256 te
751 2195 870 2257 vincere
893 2197 1024 2257 coniunx

260 2295 487 2376 Eurydicenque
507 2294 568 2354 viro
593 2293 757 2355 ducendam
780 2295 912 2356 reddere.
957 2294 1096 2367 Nonius,

260 2395 327 2455 Non
350 2400 424 2453 erat:
448 2393 574 2454 lnvictae
596 2392 679 2453 divae
703 2392 850 2453 exorabile
874 2391 1001 2454 numen!

93 2527 191 2589 etde
217 2523 397 2602 Proserpina
419 2523 502 2601 Verg.
525 2541 549 2582 v.
566 2520 638 2593 487,
672 2521 723 2582 ubi
756 2540 830 2600 quae
864 2523 900 2582 de
922 2521 1067 2601 Eurydice
1100 2531 1172 2585 sunt
1204 2526 1240 2586 ad

92 2641 218 2704 superas
239 2640 324 2684 auras
347 2620 494 2692 veniente,
518 2619 702 2699 explicantur
725 2619 785 2680 Cul.
803 2617 983 2680 nst-291.
1020 2620 1160 2699 Respexit
1183 2623 1239 2683 (lr-

92 2724 192 2802 pheus
214 2721 300 2799 Verg.
323 2718 458 2794 491301'.
481 2726 637 2797 respectus
660 2717 720 2780 Cul.
742 2716 814 2778 269.
859 2717 965 2780 Misera
986 2719 1131 2799 Eurydica
1154 2721 1239 2801 Verg.

93 2821 172 2894 4943
197 2819 234 2882 ci.
252 2818 314 2880 Cul.
331 2815 401 2879 268.
433 2817 565 2878 Crudelis
589 2817 649 2876 lata
672 2822 745 2876 sunt
760 2816 844 2893 Verg.
858 2815 936 2890 4953
959 2817 1088 2879 crudelis
1104 2818 1241 2899 Orpheus

93 2919 157 2982 tul.
174 2915 248 2991 292,
272 2916 323 2978 sed
347 2932 407 2976 non
434 2916 515 2976 solus
539 2913 693 2993 Orpheus3
726 2931 796 2974 nam
831 2922 882 2973 aut
914 2933 1016 2975 vocem
1050 2920 1140 2995 magis
1172 2906 1240 2978 cum

92 3023 222 3097 poneret
244 3013 406 3093 inepticbat
427 3013 556 3091 scriptor
578 3021 628 3073 aut
650 3010 810 3072 scribebat:

252 3126 307 3187 Sed
332 3126 403 3203 Styx
426 3124 566 3186 crudelis:
591 3123 717 3184 crudelis
740 3131 774 3184 tu
796 3123 896 3202 magis,
920 3123 1054 3203 Orpheul

93 3250 207 3313 lleinde
227 3249 299 3310 illud
323 3249 354 3309 in
377 3249 476 3310 Culioe
497 3266 525 3307 v.
541 3244 620 3307 294:
644 3245 754 3326 Dignus
776 3251 972 3320 emarcente,
992 3260 1106 3327 protom
1127 3249 1241 3311 siTcr-

93 3360 160 3411 turo
188 3357 303 3409 nossent
330 3346 382 3414 lita
408 3345 534 3423 corrige3
564 3345 674 3424 quippe
700 3363 832 3406 amoram
855 3355 970 3424 gratum
994 3355 1117 3408 noverat
1139 3357 1243 3427 raptor

93 3446 303 3526 Proserpinae)
327 3445 490 3525 explicatur
512 3446 568 3504 iam
593 3443 759 3522 Vergiliano
782 3444 840 3504 hoc
862 3460 949 3504 versu
973 3443 1050 3506 489:
1075 3445 1241 3520 (dementia

92 3545 170 3626 cepit
204 3545 374 3616 amanteml
407 3543 575 3622 ignoscendo
609 3543 738 3621 quidem,
771 3524 876 3603 sc't'rent
907 3546 934 3603 si
964 3547 1108 3622 ignoscere
1133 3563 1241 3606 moraes.

91 3645 219 3705 Versum
236 3642 299 3703 Col.
315 3640 376 3702 295
399 3643 475 3704 bene
497 3643 610 3704 sanavit
625 3641 814 3713 Ribbeckius‚
835 3657 899 3701 non
921 3642 999 3702 bene
1021 3642 1152 3703 traiecit:
1175 3643 1243 3704 Pec-

92 3751 190 3803 catum
211 3744 369 3802 meminisse
392 3727 485 3812 tatem,¹
499 3760 587 3820 prove
610 3741 673 3801 sede
697 3744 826 3820 piorum:
857 3739 914 3799 hcc
933 3747 994 3800 est:
1019 3758 1055 3800 eo
1076 3741 1244 3819 peccavisti,

92 3839 173 3918 quod
196 3838 228 3899 in
251 3838 366 3899 lethaea
394 3857 445 3899 ora
469 3838 616 3900 oblivione
645 3855 708 3898 non
737 3844 839 3916 captus
864 3856 906 3897 es.
951 3837 1120 3899 Perrexisse
1143 3847 1242 3899 autem

92 3937 222 4016 scriptor
243 3937 375 3998 videtur:
405 3931 479 3997 Voel
500 3950 596 4000 menet
616 3938 735 3998 neroum
757 3945 858 3997 contre
878 3954 991 3997 manns.

156 4036 282 4114 ltaque
312 4035 403 4096 Culex
430 4043 514 4096 ortus
547 4036 702 4097 mendacio
733 4053 767 4096 ac
795 4033 984 4094 simulatione
1011 4033 1131 4094 falsarii.
1176 4032 1243 4093 Non

93 4135 180 4195 deest
202 4132 282 4212 quod
305 4132 372 4193 addi
395 4133 499 4212 possit.
544 4133 660 4194 Tenere
682 4132 884 4206 Quintilianus
908 4151 941 4192 se
961 4130 1034 4192 dixit
1053 4131 1144 4192 libros
1169 4131 1243 4192 ller-

93 4248 232 4310 magorae
256 4230 380 4291 nomine
401 4230 561 4309 inscriptos
590 4248 666 4309 qnos
682 4238 784 4290 tamen
805 4229 911 4309 siquis
934 4247 983 4290 res
1006 4229 1153 4309 expositas
1174 4248 1244 4306 per-

94 4329 249 4409 pendisset
266 4328 465 4406 Hermagorae
489 4347 550 4388 non
567 4347 631 4388 esse
653 4327 874 4405 intellegeretur
889 4327 927 4389 lll
944 4328 973 4400 5,
993 4328 1044 4387 14:
1069 4331 1126 4387 sice
1148 4327 1244 4405 falsus

92 4437 133 4488 est
155 4427 261 4488 titulus.
277 4429 337 4488 stne
358 4427 434 4487 ottus
456 4426 501 4488 ln’c
523 4425 716 4506 Hermagoras
736 4427 804 4505 fnit.
843 4427 955 4487 Pemen
977 4426 1058 4486 idem
1082 4425 1112 4484 in
1134 4424 1243 4485 aliare
