2902 5040
600 282 842 345 -184—

148 467 262 536 quaest.
287 458 354 520 lles.
377 457 558 537 pentina
590 459 677 537 quale
707 459 782 538 quin
807 456 933 536 piscium
960 475 1080 536 quoque
1109 457 1292 518 continuerit

148 557 270 618 nomina
292 557 489 619 dubitandum
512 577 573 618 non
594 568 649 618 est.

234 656 334 718 liabeo
357 665 456 717 antem
478 656 559 735 quod
582 674 680 735 neque
702 655 840 716 omittere
863 674 959 734 napae
981 663 1083 716 tamen
1104 654 1165 715 nisi
1188 653 1292 714 nltixm

148 756 213 816 loco
236 775 348 835 ponere
370 754 530 828 voluerim3
561 754 650 815 boca
672 755 703 815 iu
724 754 800 814 Plini
828 753 959 832 catalogo
988 752 1097 832 legitur
1119 770 1231 814 nomen
1261 762 1294 813 nt

149 855 265 916 videtur
297 871 452 932 graecum3
488 861 588 913 tamen
621 853 765 932 frequens
798 853 921 931 quidem
954 852 1033 930 apud
1066 851 1194 912 Graecos
1226 847 1296 930 βῶξ

149 954 248 1032 piscis,
280 951 359 1031 apud
389 950 502 1011 Atticos
533 941 631 1029 βόαξ,
665 951 735 1012 boso
761 949 833 1011 nibil
863 960 918 1010 est.
962 950 1068 1012 Veram
1099 950 1227 1012 sormam
1255 969 1294 1010 ne

148 1051 278 1112 lsidorus
309 1049 431 1129 quidem
464 1047 620 1127 ignorabat
647 1048 700 1128 qui
727 1049 759 1109 in
787 1049 913 1128 piscium
941 1066 1068 1109 recensu
1089 1048 1178 1109 baec:
1212 1049 1295 1110 bocca

149 1150 248 1212 ddunt
267 1166 326 1209 esse
347 1148 430 1209 doces
450 1151 579 1208 mounes
599 1152 683 1228 puori
702 1146 821 1219 doacus3
843 1156 932 1227 atque
954 1147 1036 1226 quod
1058 1146 1168 1208 Paulus
1187 1147 1294 1208 Diaco-

149 1266 207 1308 nus
228 1264 265 1306 ex
286 1246 374 1306 Festo
397 1246 558 1324 excerpsit:
593 1246 678 1307 docos
697 1265 788 1326 penus
811 1250 896 1326 priori
917 1266 936 1307 o
957 1246 1068 1307 boando
1087 1246 1119 1306 id
1139 1258 1181 1308 est
1200 1265 1296 1309 nosen

148 1344 301 1407 credundo
330 1344 492 1424 appellatur
519 1362 556 1405 ne
579 1343 608 1404 id
630 1344 750 1424 quidem
772 1343 938 1405 Plinianam
960 1344 1105 1405 tutabitur
1125 1344 1292 1406 lectionem.

150 1443 248 1506 Possit
258 1444 339 1503 enim
351 1442 457 1522 aliquis
468 1441 610 1503 adsentiri
624 1441 658 1502 0.
670 1441 811 1503 lluellero
824 1442 859 1502 ad
870 1442 889 1502 l.
903 1461 931 1520 p.
939 1439 978 1502 30
991 1441 1116 1502 Paulum
1129 1461 1166 1503 ex
1176 1460 1295 1504 aecum

149 1543 210 1603 tivo
234 1560 345 1603 novum
368 1540 586 1601 nominativum
609 1540 913 1619 effecisseopinant13
946 1547 1045 1600 umen
1072 1539 1103 1600 id
1134 1557 1190 1618 pro
1211 1550 1295 1602 certo

149 1659 186 1700 ex
215 1639 407 1718 explicatione
439 1657 459 1698 o
491 1637 603 1698 bonade
640 1637 850 1716 consequitur,
886 1637 1031 1716 cogitasse
1066 1638 1295 1716 grammaticum

150 1737 249 1816 potins
271 1737 398 1797 sormam
421 1735 531 1805 boacas,
554 1735 593 1796 ita
617 1746 650 1795 ut
676 1744 707 1796 et
729 1735 832 1796 lsidori
853 1734 941 1796 verba
963 1735 1005 1796 ita
1027 1735 1137 1814 expleri
1163 1737 1295 1815 possint:

151 1837 233 1897 doctu
276 1833 583 1896 dicumesoebooes
626 1834 1227 1914 mmospoatoomatoosoo
1265 1846 1297 1898 et

150 1935 228 2013 apud
256 1932 381 1994 Paulum
410 1932 518 1992 lemma
540 1931 733 2011 probabiliter
754 1932 837 1993 boocs
858 1931 919 2009 (vel
940 1932 1030 2007 deoc)
1060 1931 1154 1993 luisse
1182 1933 1297 1995 dicatur

150 2049 248 2111 neque
258 2032 317 2092 iam
329 2029 371 2090 ibi
382 2030 419 2091 de
429 2030 514 2090 docos
525 2029 707 2092 nominativo
717 2030 845 2109 amplius
857 2030 1049 2108 cogitandum
1060 2031 1109 2090 sit
1126 2031 1164 2091 Et
1175 2031 1297 2112 quidem

150 2129 309 2207 singularis
342 2146 486 2190 numerus
514 2128 592 2208 apud
614 2128 740 2190 Paulum
768 2128 846 2189 solet
873 2127 944 2206 legi:
978 2147 1082 2208 corpus
1101 2132 1188 2208 pascas
1206 2149 1296 2209 penus

152 2247 181 2308 p.
197 2225 277 2301 3233
305 2226 437 2306 pelamys
456 2245 546 2305 pertus
563 2229 651 2305 pascis
672 2245 702 2307 p.
718 2224 799 2300 2073
829 2244 908 2306 apso
927 2245 1018 2306 pecus
1037 2231 1151 2289 mitiori
1167 2229 1299 2307 peceati

149 2345 179 2406 p.
203 2325 260 2399 223
282 2326 451 2405 equipertser
468 2342 558 2402 penus
577 2327 662 2402 pascis
684 2344 712 2403 p.
731 2323 788 2395 223
810 2335 894 2386 croto
913 2343 1003 2406 penus
1022 2323 1242 2407 pe'scs'sp.183‚
1265 2334 1298 2387 nt

150 2443 189 2484 ne
205 2424 272 2503 quis
287 2421 366 2483 forte
381 2422 484 2483 domos
495 2440 585 2501 penus
596 2425 682 2501 pt'scas
696 2441 716 2483 o
729 2423 840 2484 boando
853 2468 860 2482 .
873 2468 881 2483 .
892 2467 902 2484 .
915 2469 922 2483 .
938 2424 1123 2505 appellarunt
1135 2424 1297 2486 rescribere

150 2530 285 2582 conetur.
322 2519 513 2581 Accusativus
535 2527 636 2580 autem
658 2521 751 2581 semel
773 2529 868 2581 exstat
881 2540 908 2601 p.
924 2521 963 2583 21
987 2527 1085 2584 omisa
1096 2525 1299 2603 peouspv‘sois3

150 2638 248 2699 neque
269 2618 351 2678 enim
373 2618 404 2679 in
426 2617 519 2678 Lucili
543 2635 627 2677 versu
650 2618 727 2698 apud
744 2619 903 2680 Varronem
927 2620 958 2680 1.
973 2619 1006 2679 1.
1023 2620 1072 2681 vll
1087 2621 1128 2680 at
1147 2622 1185 2682 ad
1206 2640 1297 2701 wem

150 2738 167 2779 a
199 2717 340 2778 lluellero
376 2716 523 2777 mittimur
551 2714 638 2777 Sume
674 2726 734 2778 rete
762 2725 846 2797 utpote
877 2721 976 2778 ormari
1008 2718 1210 2779 nominativus
1242 2719 1298 2780 luit

150 2821 249 2880 omiou
270 2833 367 2896 neque
381 2834 451 2876 vero
473 2815 538 2894 ipso
555 2825 613 2876 rete
627 2815 677 2876 illo
692 2815 894 2877 nominativus
909 2815 1112 2885 absconditur,
1128 2816 1182 2876 sed
1197 2817 1298 2894 legen·

150 2917 222 2977 dum
244 2923 348 2994 aperte
370 2922 430 2975 est:
457 2912 544 2975 Sume
566 2924 623 2976 cete
644 2923 729 2994 atque
750 2918 848 2975 omino
869 2913 989 2991 (κακὼς
1017 2924 1063 2975 est
1084 2914 1165 2975 enim
1187 2932 1299 2976 suarm

151 3032 205 3094 pro
221 3013 374 3094 capiendo,
396 3012 484 3073 modo
501 3011 537 3074 cf.
554 3012 632 3074 Enni
647 3012 820 3092 Hedupbag.
836 3032 864 3074 v.
879 3013 916 3084 43
936 3012 978 3073 ita
990 3020 1024 3074 nt
1038 3012 1075 3074 ab
1090 3012 1296 3075 hexametricis

151 3111 244 3174 Lucili
258 3111 342 3172 libris
357 3120 488 3172 metrum
504 3110 561 3171 boo
574 3118 654 3172 recte
665 3110 873 3172 Lachmannus
888 3109 1049 3172 excluserit
1059 3129 1086 3170 v.
1098 3108 1176 3186 8363
1192 3109 1297 3173 Lucia·

150 3227 207 3272 nus
223 3218 323 3272 autem
337 3207 498 3270 Muellerus
517 3209 677 3288 sospitator
693 3228 780 3270 verns
796 3208 889 3271 Lucili
910 3226 1015 3270 vereor
1032 3215 1067 3270 ut
1081 3229 1151 3271 vere
1173 3209 1299 3272 ediderit

149 3319 275 3370 sumeret
301 3327 388 3389 oeque
416 3311 515 3369 umore
541 3307 592 3387 (ir.
614 3308 721 3370 incert.
736 3307 838 3384 XXV).
882 3308 945 3370 lam
972 3308 1006 3370 in
1034 3308 1200 3388 caulogum
1221 3308 1297 3370 Plini

150 3407 234 3468 bosus
253 3407 374 3486 quidem
399 3406 471 3467 illud
492 3424 582 3467 nemo
604 3425 693 3469 sanus
716 3407 839 3476 inferet3
872 3407 982 3468 rectius
1005 3408 1081 3469 bouso
1106 3407 1147 3468 ibi
1176 3426 1296 3487 quoquo

151 3504 340 3566 scribendum
363 3503 448 3567 foret.
492 3505 553 3585 Ego
583 3516 636 3567 aut
665 3507 792 3567 lormam
813 3505 989 3567 femininam
1013 3506 1082 3567 deco
1102 3514 1220 3586 praeter
1241 3507 1297 3568 boc

150 3602 284 3682 quamvis
305 3603 470 3665 inauditam
492 3604 640 3665 exstitisse
662 3604 817 3666 statuerim
839 3605 917 3665 siem
938 3613 968 3665 et
988 3600 1091 3679 γλαῦξ
1119 3613 1149 3665 et
1170 3603 1297 3679 rtatim

151 3701 302 3763 dicebatur
323 3701 383 3776 (cui
405 3702 568 3764 sententiae
589 3720 652 3764 non
674 3702 863 3764 mediocriter
883 3702 1010 3763 fortasse
1031 3702 1120 3781 piscis
1148 3702 1198 3764 ille
1219 3702 1296 3765 lavet

151 3802 202 3881 qui
225 3801 302 3880 apud
324 3799 530 3879 Francogallos
552 3803 719 3864 secundum
742 3802 949 3864 llondeletiam
980 3802 1063 3863 audit
1085 3803 1187 3882 tapeta
1217 3801 1296 3880 apud

152 3898 240 3960 ltaios
263 3899 346 3978 bopo)
368 3909 420 3960 aut
434 3901 558 3979 catalogi
580 3901 662 3963 latini
683 3910 833 3963 auctorem
848 3900 939 3961 nimis
955 3918 1129 3980 properasse
1145 3900 1297 3980 oculisque

151 3997 299 4059 infelicius
322 4016 437 4059 errasse
458 4000 624 4077 statuerim,
647 4000 743 4062 iuerat
766 4019 875 4079 nempe
890 4000 923 4060 in
937 3999 1033 4062 lexico
1048 3999 1120 4060 olim
1135 3999 1296 4061 vetustiora

151 4095 180 4157 id
203 4094 281 4174 qaod
304 4095 467 4174 Hesychius
489 4097 622 4158 exbibet:
649 4097 770 4176 βῶκα·
799 4092 938 4160 θύννον.

236 4194 334 4271 Atque
368 4194 441 4254 baec
474 4194 513 4256 de
545 4195 671 4274 piscium
697 4197 828 4274 catalogo
855 4195 1000 4257 Pliniana.
1051 4194 1148 4266 Quem
1176 4193 1201 4256 si
1228 4193 1295 4274 quis

151 4291 264 4352 cautior
293 4291 384 4352 nibilo
415 4291 507 4354 setius
534 4292 705 4355 confectum
727 4294 826 4356 dicere
847 4312 864 4354 a
885 4292 982 4355 Plinio
1003 4293 1069 4372 ipso
1091 4293 1296 4372 praeferet-

151 4405 249 4471 ueque
283 4391 364 4452 enim
396 4390 510 4453 alienus
543 4409 615 4453 sana
647 4393 696 4455 ille
722 4414 738 4457 a
768 4392 959 4472 grammatica
991 4410 1094 4455 rerum
1120 4392 1296 4456 tractatione
