2902 5040
690 294 906 358 „43-

370 472 435 532 Non
458 479 572 532 veteres
595 469 721 544 Thebas,
745 488 801 531 nec
824 470 966 548 Pergama
989 488 1101 531 nomen
1125 469 1247 530 Homeri

411 570 515 631 Xerxis
539 577 568 630 et
590 570 716 650 imperio
740 568 809 630 hina
833 568 929 630 coisse
951 570 1033 637 rada,

226 706 272 767 vix
295 723 364 766 casu
387 704 492 765 similia
516 702 669 764 coniunxit
691 703 798 764 Culicis
821 710 908 783 pocta
932 723 958 763 r.
975 702 1033 763 27:

368 829 466 890 Triste
487 829 563 890 lovis
585 828 752 909 Rhoetique
776 829 855 890 canit
877 847 939 895 nou
961 829 1066 909 pagina
1089 828 1209 902 bellum,

368 928 492 1007 Phlegra
514 927 656 1005 Giganteo
679 946 780 1007 sparsa
804 936 849 988 est
872 947 930 1009 quo
953 928 1095 1008 sanguine
1119 929 1214 998 tellus,

368 1027 428 1088 Nec
452 1025 633 1087 Centaureos
657 1026 796 1105 Lapithas
820 1046 883 1106 eqs.

368 1124 430 1186 Nee
451 1125 602 1204 perfossus
624 1125 716 1186 Athos
740 1145 795 1187 nec
817 1142 927 1205 magno
950 1125 1065 1187 vincula
1088 1132 1181 1204 ponto

368 1224 445 1285 lacta
464 1243 531 1284 meo
556 1235 699 1304 quaerent
720 1224 779 1286 iam
802 1245 866 1288 sera
886 1225 1036 1287 volumine
1057 1225 1167 1285 famam
1264 1264 1267 1271 -

225 1358 256 1411 et
275 1370 349 1432 quae
371 1359 546 1432 sequuntur.
586 1350 667 1422 Quae
689 1360 844 1431 exceperat
868 1370 967 1414 versus
988 1351 1027 1412 35
1049 1351 1129 1412 hunc
1151 1350 1183 1410 in
1207 1347 1347 1409 modum:

367 1475 465 1537 lllollia
489 1476 540 1536 sed
563 1475 647 1536 tenui
671 1476 746 1555 pede
768 1477 888 1550 currite,
910 1476 1050 1538 carmina.
1094 1477 1204 1536 Versus

368 1574 484 1636 Viribus
508 1583 574 1653 apta
598 1574 658 1634 suis
681 1575 801 1637 Phoebo
825 1576 899 1637 duce
921 1576 1022 1637 ludere
1044 1576 1168 1653 gaudet3

226 1716 263 1776 de
286 1735 343 1794 quo
366 1716 429 1775 loco
447 1713 593 1794 disputavi
608 1714 626 1774 l.
642 1715 661 1774 l.
676 1734 706 1795 p.
725 1715 772 1775 17.
810 1715 871 1776 lam
894 1715 945 1796 qui
967 1733 1031 1775 rem
1048 1711 1176 1793 probent
1190 1710 1369 1792 probaturos

227 1815 314 1876 etiam
338 1814 494 1876 lectionem
519 1833 582 1875 esse
605 1833 702 1893 spero.

310 1913 391 1974 ldem
414 1932 487 1974 num
511 1911 600 1973 etiarn
615 1911 813 1974 Erichthonios
835 1911 978 1973 adiectivo
995 1930 1020 1970 v.
1038 1909 1098 1971 336
1122 1909 1165 1971 uti
1180 1928 1196 1970 a
1212 1907 1369 1988 Propertio

225 2008 502 2085 detumuerat?
529 2012 653 2091 Ambigo
669 2011 757 2072 etiam
775 2011 811 2072 de
826 2031 850 2072 r.
866 2009 939 2071 245.
961 2009 1104 2070 Facienda
1120 2008 1287 2070 coniectura
1303 2005 1370 2080 erit,

225 2111 312 2171 simul
324 2117 425 2170 tamen
436 2129 483 2170 res
495 2109 549 2171 alia
562 2111 714 2172 tractanda
728 2129 821 2189 eaque
833 2109 1012 2188 gravissima.
1033 2107 1153 2168 Initium
1167 2107 1253 2168 faciat
1263 2104 1370 2166 Culicis

225 2228 327 2269 versus
344 2208 413 2271 400.
448 2209 602 2269 Pastorem
616 2208 665 2269 hic
679 2208 804 2288 legimus
819 2207 970 2269 tumulum
982 2226 1073 2286 quem
1085 2206 1174 2266 modo
1190 2202 1370 2266 exstruxerit

226 2325 426 2369 conserere
451 2308 488 2384 (v.
510 2304 584 2382 398)
616 2306 739 2368 llorihus
766 2306 921 2387 plurimis;
948 2305 1083 2385 sequitur
1105 2305 1213 2364 llorum
1236 2303 1370 2382 ipsorum

226 2407 373 2485 catalogus
396 2406 481 2486 isque
504 2405 690 2466 concluditur
718 2405 815 2466 verhis
841 2403 1071 2466 insolentissime
1100 2401 1217 2481 scriptis
1240 2421 1266 2462 v.
1290 2401 1369 2461 411:

225 2505 268 2566 lats
290 2503 418 2565 tumulus
441 2521 526 2582 super
549 2507 687 2564 inseritur
703 2500 746 2582 (l).
791 2502 866 2576 Quia
889 2509 989 2564 autem
1013 2509 1156 2563 seruntur
1177 2501 1279 2572 hores,
1308 2518 1372 2561 non

226 2621 357 2663 crescere
380 2601 437 2662 dici
458 2601 477 2662 ii
500 2609 628 2681 possunt
642 2601 693 2662 sed
709 2604 772 2661 lore
787 2601 885 2682 potius
907 2601 957 2663 uhi
980 2607 1126 2673 crescant3
1149 2618 1240 2678 quare
1255 2587 1289 2658 r.
1307 2595 1370 2658 399

225 2721 292 2764 cum
316 2702 351 2762 ad
375 2710 499 2762 crescent
520 2701 640 2768 accedat
662 2699 738 2761 varia
761 2700 847 2761 lectio
870 2704 967 2762 erescit
989 2699 1132 2778 seriptum
1155 2705 1254 2760 tamen
1277 2697 1370 2759 luisse

227 2819 289 2861 non
311 2807 409 2879 potest
431 2799 487 2859 nisi
510 2811 620 2861 crescet.
667 2799 728 2859 lam
751 2818 778 2859 r.
799 2798 861 2858 490
885 2799 920 2860 ad
949 2799 1107 2860 acanthum
1137 2805 1166 2858 et
1194 2815 1293 2858 rosam
1317 2796 1370 2857 ad-

225 2898 305 2960 ditur
337 2898 373 2958 h't
394 2898 486 2959 uiolae
508 2917 589 2960 omae
620 2917 724 2978 pecus,
759 2907 927 2978 sequuntur
949 2896 1071 2970 nomina
1094 2895 1156 2956 aha.
1203 2895 1276 2956 lllud
1300 2913 1371 2957 vero

227 2996 297 3078 quid
322 2995 361 3056 sit
383 3004 568 3076 reputemus.
613 2996 723 3058 Totum
752 3015 846 3076 genus
874 2996 1016 3056 violarum
1045 2984 1192 3074 quotquot
1219 2993 1250 3054 in
1282 2993 1371 3055 terris

227 3104 298 3157 sunt
320 3095 478 3174 significari
499 3095 625 3157 infacete
651 3104 793 3157 sumatur.
831 3094 990 3174 Reliquum
1014 3101 1113 3155 estut
1137 3092 1234 3154 omnia
1263 3109 1371 3171 genera

226 3193 318 3255 violae
346 3193 422 3254 dicta
445 3204 601 3273 putemus3
629 3195 680 3255 sed
710 3195 801 3256 multa
828 3193 893 3254 eius
923 3192 1045 3253 omnino
1074 3209 1136 3252 non
1163 3199 1235 3253 sunt
1253 3209 1372 3270 genera,

225 3310 323 3373 neque
339 3291 415 3353 varia
430 3300 534 3370 poetae
550 3293 581 3354 hi
596 3293 777 3371 distinguere
793 3291 910 3353 violaria
927 3291 1091 3352 didicerant
1111 3289 1169 3350 nisi
1184 3290 1263 3369 quod
1281 3289 1371 3349 modo

225 3390 307 3470 nigra
320 3389 410 3468 magis
423 3390 512 3451 modo
522 3391 659 3471 pallentia
672 3390 852 3470 praedicant.
875 3389 995 3451 Accedit
1010 3389 1089 3468 quod
1103 3388 1133 3449 in
1146 3395 1209 3448 toto
1221 3387 1278 3448 hoc
1290 3393 1371 3449 cata-

225 3488 291 3565 logo
305 3488 477 3550 observatur
488 3489 648 3550 herbarum
665 3488 836 3549 nominihus
850 3488 1024 3549 adiectivum
1041 3496 1092 3547 aut
1104 3487 1216 3547 nullum
1231 3485 1305 3548 adici
1320 3492 1372 3547 aut

226 3585 284 3647 tale
307 3605 365 3665 quo
389 3594 495 3648 natura
518 3587 605 3648 unius
634 3588 779 3667 cuiusque
807 3595 875 3666 apte
905 3586 1082 3659 illustretur,
1111 3583 1212 3664 itaque
1242 3583 1316 3644 riola
1346 3583 1371 3644 si

227 3684 349 3745 omnino
373 3684 496 3745 dicenda
520 3686 610 3747 odora
639 3685 695 3746 fuit
717 3686 762 3746 vel
788 3684 918 3747 humilis.
964 3683 1152 3762 Quapropter
1174 3682 1247 3743 haec
1269 3683 1371 3762 potius

225 3791 331 3864 poetae
354 3782 441 3844 verha
464 3784 557 3845 luisse
580 3783 704 3845 dehent:
1084 3769 1097 3791 ⁴

855 3883 908 3942 Hic
930 3888 960 3941 et
983 3879 1126 3940 acanthus

327 3981 363 4041 llt
386 3999 452 4042 rosa
475 3998 659 4060 purpureum
684 3988 795 4042 crescet
816 3979 989 4060 pudibunda
1012 3978 1153 4039 ruborem

325 4078 361 4138 Et
385 4079 521 4138 viola-
543 4095 631 4138 omne
654 4077 760 4156 genus!
783 4114 825 4123 -
847 4078 895 4139 hic
917 4085 1030 4138 crescet
1052 4075 1185 4155 Spartica
1209 4082 1324 4154 myrtus

326 4180 422 4256 Atque
444 4175 620 4254 hyacinthus
644 4186 674 4237 et
696 4175 744 4237 hic
765 4175 845 4237 Cilici
868 4195 970 4259 crocus
994 4176 1091 4236 editus
1114 4193 1184 4234 arvo
1208 4191 1285 4252 eqs.;

227 4334 353 4396 quorum
392 4332 497 4376 sensus
531 4315 629 4376 luerat
662 4316 819 4378 nimirum:
855 4316 1016 4389 „florum
1049 4314 1097 4374 hic
1130 4313 1229 4373 omnia
1262 4329 1372 4390 genera

227 4419 396 4487 crescent“,
418 4412 597 4493 iniciturque
620 4432 702 4477 omae
722 4434 812 4496 penus
834 4424 868 4476 ut
889 4415 1046 4486 indicetur,
1069 4429 1122 4473 cur
1144 4418 1227 4472 tanta
1250 4418 1372 4490 tamque
