2902 5040
568 298 791 363 ..55-

281 477 360 538 Nile
382 485 476 557 pater,
499 493 628 556 quanmn
652 476 762 555 possim
787 484 814 537 tc
838 476 935 536 dicere
957 494 1045 538 causa

331 577 388 637 dut
411 576 519 654 quibos
542 576 573 636 in
597 575 684 637 terris
708 574 872 636 occuluisse
893 571 1001 654 caput?

278 675 326 736 'l'e
348 680 503 753 propter
527 673 623 734 nullos
647 673 734 734 tellus
757 680 807 733 tua
831 673 961 752 postulat
982 674 1094 735 imbres

330 772 417 833 Arida
442 788 508 832 nec
530 771 661 833 Pluuio
684 771 882 850 supplicat
904 772 1019 833 herba
1042 772 1126 833 lovi.

279 870 321 931 Te
343 871 423 932 canit
445 878 535 949 atque
558 887 660 930 suum
682 869 776 948 pubes
799 870 924 930 miratur
949 870 1073 931 Osirin

332 968 466 1038 Barbara,
489 967 671 1047 Memphiten
694 967 874 1047 plangere
897 968 983 1030 docta
1005 970 1149 1039 bovem;

28 1129 31 1135 -
112 1095 250 1174 sequitur
271 1101 371 1155 autem
394 1093 456 1154 laus
479 1112 547 1154 com
565 1091 690 1153 Osiridis
712 1098 777 1153 tum
794 1110 863 1153 vero
884 1111 957 1154 uvae
980 1101 1009 1154 et
1024 1093 1130 1154 Bacchi
1146 1092 1259 1173 Aegyp-

111 1193 180 1254 tiaci
204 1199 270 1272 apta
294 1210 326 1252 ea
355 1190 508 1252 bacchanti
536 1198 649 1270 poetae.
694 1190 804 1252 Seneca
830 1190 963 1252 furorem
986 1191 1078 1252 istum
1101 1191 1257 1253 Niloticam

110 1308 173 1351 nou
189 1297 309 1369 poterat
331 1307 392 1350 non
415 1288 583 1368 improbare
599 1289 803 1368 malignusque
826 1289 864 1350 ita
881 1298 995 1368 poetam
1019 1308 1058 1351 ne
1073 1290 1258 1352 nominatum

111 1388 235 1469 quidem
259 1387 415 1465 castigasse
444 1387 517 1448 mihi
548 1387 676 1448 videtur:
709 1387 795 1447 Nemo
818 1397 970 1448 erutorum
994 1389 1112 1468 adspicit
1140 1388 1257 1457 caelarat.
1337 1384 1340 1390 ’

112 1486 182 1560 Quo
215 1487 249 1548 de
280 1505 313 1549 re
345 1503 404 1546 uon
426 1504 490 1547 cum
514 1494 599 1565 poeto
627 1484 811 1560 [debaccbor]
835 1497 861 1547 ct
882 1486 928 1546 illi
948 1486 1045 1548 bouem
1069 1487 1151 1547 darm
1174 1504 1259 1548 suum

112 1588 247 1665 tempo,
277 1587 328 1665 qui
353 1587 394 1646 uit
420 1603 483 1664 eqs.
533 1583 661 1644 Dubium
691 1583 875 1662 relinquatur
898 1583 953 1645 sub
976 1589 1117 1646 meor‘ocor
1139 1584 1260 1658 (habent

111 1682 179 1744 libri
203 1683 293 1744 etiam
316 1685 348 1743 s'n
366 1700 397 1744 eo
419 1684 510 1757 iocor)
536 1682 604 1760 quid
633 1682 753 1743 tandem
782 1683 878 1743 lateat.
924 1683 998 1756 Quia
1021 1691 1120 1744 autem
1144 1685 1258 1763 Aegyp-

111 1781 187 1842 tiaca
218 1780 298 1860 orgia
324 1781 507 1860 cogitantur,
542 1780 743 1859 suspicionem
773 1800 868 1843 meam
901 1783 996 1843 celare
1026 1781 1095 1842 nolo
1127 1781 1259 1861 quamvis

110 1898 188 1940 nove
204 1858 373 1957 antiqualn:
399 1879 464 1952 Quo
487 1880 521 1940 de
542 1897 574 1939 re
596 1897 656 1939 noa
672 1898 735 1940 eum
756 1890 839 1959 poeto
853 1884 1022 1942 morcotr‘cor
1044 1891 1071 1941 et
1093 1879 1140 1940 illi
1161 1880 1259 1940 bovem

111 1979 197 2040 mum
222 1996 308 2040 suum
334 1981 449 2058 inpr'epo
479 1981 528 2057 qni
553 1981 605 2038 uit:
635 1978 714 2056 quod
736 1977 800 2038 lere
831 1978 944 2039 dictum
972 1978 1011 2039 sit
1042 1978 1120 2039 sicut
1149 1977 1258 2038 vilicari

111 2077 260 2160 possessio
284 2077 393 2138 dicitur
415 2096 430 2137 a
453 2075 546 2136 vilico.

672 2330 702 2390 V.

195 2484 257 2545 lam
282 2481 361 2563 quali
382 2479 499 2542 falsario
515 2480 674 2543 llalieutica
697 2480 855 2544 tribuenda
878 2478 974 2543 sunt?
997 2482 1084 2544 Prius
1106 2483 1260 2563 indagetur

111 2593 230 2662 tempus
251 2600 310 2660 quo
326 2579 487 2658 scripserit.
518 2562 652 2640 Notabile
672 2579 729 2639 iam
748 2581 805 2641 hoc
823 2581 947 2642 forsitan
967 2581 1108 2643 videatur.
1147 2582 1258 2643 Seneca

68 2708 91 2726 ·-
110 2683 141 2743 in
158 2681 291 2742 Phaedra
311 2677 409 2740 labula
433 2676 581 2739 cauticum
605 2678 724 2739 exbibet
746 2680 930 2754 venaticum3
952 2678 1051 2759 ibique
1074 2681 1111 2741 de
1135 2679 1259 2742 canibus

109 2780 221 2860 legitur
243 2799 271 2839 r.
288 2779 417 2856 41sqq.:

256 2901 359 2963 Nunc
381 2899 538 2961 demissi
566 2917 659 2961 nare
688 2900 816 2978 sagaci

227 3053 230 3057 .
256 3001 413 3082 Captent
436 3015 543 3059 auras
567 2999 720 3078 lustraque
743 3017 845 3077 presso

255 3099 446 3172 Quaerant
468 3104 595 3159 restro
619 3117 678 3177 eqs.

109 3223 266 3304 Exquisite
288 3224 360 3286 baec
379 3223 470 3296 dicta;
498 3239 560 3283 non
582 3221 683 3282 minus
704 3221 850 3302 exquisite
871 3221 903 3302 in
926 3220 1094 3283 Halieuticis
1118 3223 1154 3284 de
1176 3223 1258 3284 cani-

109 3324 168 3384 bus
189 3323 263 3384 baec
286 3342 312 3383 v.
325 3322 454 3401 76sqq.:

256 3463 383 3540 (Quibus
406 3465 463 3536 cst)
487 3480 595 3540 sagax
618 3461 711 3522 virtus
736 3460 873 3541 viresque
896 3461 1050 3541 sequendi,
1120 3493 1131 3546 '.

256 3547 339 3635 Quae
362 3579 460 3621 nunc
483 3559 564 3621 elatis
586 3559 735 3621 rimantur
755 3559 907 3621 naribus
929 3578 1052 3621 auram

253 3660 292 3720 Et
313 3677 410 3721 nunc
432 3657 595 3719 demisso
618 3665 808 3737 quaerunt
832 3658 950 3738 vestigia
973 3668 1096 3721 rostro
1119 3680 1177 3731 -3

111 3803 193 3865 casui
221 3803 382 3866 similitudo
412 3803 549 3873 sedatum
578 3808 679 3862 tamen
707 3801 732 3861 si
763 3801 809 3862 cui
840 3819 909 3862 casu
940 3808 1002 3861 orta
1032 3819 1094 3862 non
1117 3801 1259 3874 videatur,

110 3901 250 3963 veriusne
277 3902 419 3963 Senecam
454 3899 620 3978 tragoedias
652 3899 832 3961 scribentem
855 3898 961 3960 adiisse
984 3900 1061 3961 dicet
1081 3899 1259 3979 piscatoriae

110 3999 184 4061 artis
199 4003 399 4077 fragmentum
421 4016 460 4059 an
475 3998 626 4059 falsarium
642 4007 760 4078 poetam
776 3997 921 4077 plurimos
945 3998 1058 4060 colores
1075 3997 1125 4076 qui
1140 3997 1259 4058 aliunde

111 4098 273 4177 sumpserit
294 4099 424 4159 colorem
446 4100 642 4158 dunecanum
667 4097 837 4176 adpinxisse
858 4092 1001 4174 reliquis?
1032 4112 1035 4118 ‘

199 4197 380 4258 Procedatur
404 4196 447 4260 fiad
479 4212 600 4257 versum
630 4193 788 4273 fragmenti
811 4193 851 4254 95
885 4193 936 4273 qui
968 4211 1036 4255 cum
1069 4198 1163 4252 totam
1197 4191 1259 4252 fere

111 4295 319 4375 quaestionem
342 4293 474 4355 absolvat
496 4310 583 4371 aegre
605 4311 620 4353 a
644 4311 691 4352 me
713 4299 882 4352 reservatus
905 4300 963 4353 est:
1027 4316 1029 4320 ·

255 4404 380 4484 Hippuri
403 4403 512 4466 celeres
536 4411 565 4464 et
587 4403 673 4481 nigro
695 4411 813 4479 tergore
837 4403 928 4464 milui.
