2902 5040
510 273 829 377 '-ee-

248 492 295 554 Sic
317 491 441 573 undique
463 496 669 554 ammiratione
692 492 870 554 concluditur
890 492 981 553 mente
1004 488 1174 572 consilioque
1193 489 1292 553 diesim

249 596 345 653 omniu
366 592 469 653 13133
490 592 598 653 mundo
620 592 671 668 (acl
691 590 812 653 salutem
838 594 965 652 omnium
987 592 1293 671 conservationemque)

249 690 458 752 admirabiliter
481 692 687 752 administrari.

148 791 219 851 bliro
257 789 347 868 igitur
377 807 478 852 errore
511 789 615 851 abesse
648 787 867 851 conclusionem
897 787 1122 850 Schoemannus
1155 793 1294 848 autumat

148 909 177 967 p.
203 890 272 963 111,
302 888 395 950 immo
421 897 489 970 post
516 888 587 949 haec
616 888 702 949 verba
731 887 844 949 flumen
871 887 1019 950 sermonis
1047 886 1135 966 quani
1162 885 1293 946 maxima

149 988 252 1049 editori
268 988 465 1050 dirimendum
482 988 546 1049 1311.
574 987 661 1048 Nunc
676 987 755 1048 enim
771 986 806 1047 ad
822 985 916 1064 ipsius
932 984 1136 1065 dispositionis
1150 990 1292 1064 quartum

148 1087 246 1148 locum
261 1085 404 1148 transitur
420 1086 566 1148 consulere
581 1086 646 1147 eleos
660 1086 745 1147 rebus
759 1085 900 1157 bunonis,
925 1084 975 1146 sed
998 1084 1038 1146 ita
1062 1091 1095 1146 31
1116 1082 1293 1163 quaestione

148 1185 256 1247 iniecta
272 1189 423 1246 33133333
445 1203 533 1247 33333
554 1194 705 1246 tenturum
726 1183 826 1246 rerum
845 1185 953 1246 molitio
974 1184 1054 1262 [3313
1075 1180 1133 1244 sit?
1157 1182 1292 1262 aliquan*

148 1285 245 1345 tulum
257 1285 468 1363 detorqueatur
479 1284 634 1345 sententia.
657 1284 760 1363 ltaque
772 1284 870 1344 statim
882 1282 1051 1344 inducimur
1062 1281 1129 1363 quia
1141 1282 1212 1342 deos
1224 1283 1294 1341 3134

148 1392 248 1444 torum
262 1391 291 1445 31
306 1382 380 1443 nibil
394 1381 627 1461 intellegentium
644 1400 730 1443 causa
743 1389 857 1444 tantum
874 1382 1023 1446 laborasse
1039 1378 1234 1460 improbabile
1246 1378 1294 1450 sit,

148 1491 182 1542 31
196 1480 373 1543 credibile
389 1481 440 1541 131
456 1481 579 1542 deorum
593 1488 622 1541 et
633 1480 786 1541 hominum
799 1498 887 1541 33333
899 1480 1010 1560 quippe
1020 1478 1167 1541 rationem
1179 1477 1295 1538 haben·

148 1580 223 1641 tium
239 1581 348 1641 facturn
365 1599 431 1641 esse
444 1579 600 1640 mundum.
630 1579 692 1640 lam
707 1598 775 1640 vero
790 1578 867 1640 hanc
882 1578 1105 1642 conclusionem
1121 1576 1293 1639 celeriorem

148 1697 267 1758 quaque
279 1678 351 1739 nibil
364 1678 489 1739 31131133
499 1677 557 1738 3131
568 1695 631 1737 rem
646 1696 709 1739 esse
722 1677 902 1750 credibilem,
915 1676 1024 1756 duplici
1036 1675 1295 1756 argumentatione

147 1777 273 1856 probare
288 1778 466 1857 scriptorem
482 1776 654 1857 oportebat:
677 1777 807 1856 primum
823 1777 990 1855 praevalere
1005 1774 1134 1837 hominis
1156 1781 1295 1836 naturam

149 1894 218 1955 prae
233 1875 410 1937 animalibus
425 1875 546 1955 reliquis
565 1873 770 1954 (tal-153),
790 1874 899 1936 deinde
914 1874 1027 1954 reliqua
1043 1892 1120 1953 quae
1134 1873 1295 1935 inmundo

149 1983 220 2036 sunt
234 1976 335 2037 'revera
356 1975 451 2035 facta
473 1981 503 2036 31
523 1983 650 2054 parata
672 1993 738 2036 essa
753 1975 790 2035 ad
807 1992 894 2036 usum
909 1971 1294 2051 hominum(154-167):

149 2094 224 2154 quae
252 2075 351 2136 omnia
379 2074 480 2136 Cicero
508 2081 568 2134 tam
597 2074 714 2136 curiose
742 2073 817 2136 mihi
848 2081 1005 2136 exsecutus
1034 2072 1151 2134 videtur
1171 2078 1206 2133 31
1227 2081 1295 2131 om*

150 2173 221 2233 nino
244 2191 307 2235 non
330 2191 486 2252 agnoscam
511 2191 584 2253 quas
607 2172 750 2235 Hirzelius
772 2173 844 2234 dixit
866 2171 1069 2234 undenkbare·
1083 2170 1222 2252 parallelo
1238 2169 1296 2230 Ge·

150 2272 368 2334 dankenraiben
391 2271 423 2331 in
447 2272 520 2333 awai
541 2272 772 2333 verschiedenen
787 2269 983 2332 1133131133
1005 2289 1034 2350 p.
1051 2268 1123 2331 200.
1160 2269 1198 2329 11
1213 2268 1295 2328 enim

148 2369 231 2448 prior
263 2371 479 2447 argumentatio
509 2370 588 2431 vitiis
616 2387 688 2431 3333
717 2369 864 2450 aliquibus
894 2387 971 2448 quaa
996 2367 1079 2430 illum
1108 2366 1296 2428 turbaverint

149 2467 273 2528 laborat.
318 2467 421 2539 Qualia
442 2477 542 2530 lamen
564 2468 752 2549 ineptissima
774 2468 842 2547 quis
866 2467 980 2530 cautior
1001 2467 1033 2528 in·
1055 2466 1152 2546 ipsum
1176 2464 1297 2526 Cicero·

150 2583 218 2625 nem
250 2566 413 2627 transferre
443 2566 549 2629 audeat
579 2585 646 2627 cum
675 2567 810 2628 librarios
838 2566 885 2627 bis
914 2564 1050 2628 inlibris
1078 2563 1208 2645 pessime
1231 2581 1295 2625 rem

149 2683 234 2725 suam
257 2664 383 2742 gessisse
404 2662 546 2727 constet?
582 2665 739 2726 lnducitur
760 2665 919 2744 disputatio
942 2664 1038 2725 verbis
1056 2661 1108 2724 -his
1123 2660 1228 2741 (133):
1251 2660 1298 2723 lte

148 2762 182 2843 fit
204 2763 337 2824 credibile
360 2764 477 2825 alearum
500 2774 526 2825 et
547 2763 694 2825 bominum
716 2782 804 2825 cansa
831 2765 944 2843 fectum
965 2781 1022 2825 esse
1043 2761 1183 2825 maedam
1201 2779 1297 2842 ’3333-

149 2880 201 2940 pue
227 2865 259 2922 13
288 2866 320 2922 33
342 2865 398 2923 3131
420 2866 527 2932 orinia,
563 2863 746 2942 [3311133333
762 2862 941 2941 intellegetur
971 2862 1054 2922 3113
1082 2858 1294 2922 immortalibus

150 2959 311 3022 bominibus
338 2979 395 3022 esse
420 2965 582 3041 provisum,
612 2964 714 3022 aierit
736 2957 794 3021 totu
815 2959 935 3022 lerninis
955 2961 1108 3040 fabricatio
1133 2970 1296 3040 perspecta:

148 3058 260 3119 insulse
283 3059 355 3120 haec
378 3059 436 3120 duo
459 3059 611 3121 enuntiata
640 3052 781 3138 coniungi
811 3060 913 3121 rocula
943 3078 996 3140 que
1024 3058 1145 3138 vigilans
1168 3058 1298 3138 quisque

150 3157 272 3218 sentiet:
303 3157 387 3238 'quasi
409 3159 488 3220 enim
512 3158 680 3221 membrum
703 3156 828 3219 alterum
851 3158 930 3219 idem
946 3157 985 3218 sit
999 3164 1105 3236 atque:
1127 3155 1298 3236 faciliusque

148 3256 327 3335 intellegetur
341 3256 489 3319 bominum
504 3275 591 3319 consu
612 3256 753 3318 mundum
767 3257 881 3336 facturn
893 3274 953 3319 esse
973 3258 1000 3318 ai
1018 3258 1073 3316 erit
1095 3263 1153 3317 toto
1174 3255 1299 3316 bominis

149 3354 300 3432 fabricatio
326 3366 482 3436 perspecto.
526 3356 601 3418 Male
630 3354 782 3416 interiisse
810 3353 933 3437 paucula
963 3353 1051 3416 reiba
1074 3358 1111 3414 ‘et
1138 3352 1229 3415 scribi
1255 3352 1298 3412 113

150 3455 213 3512 lere
234 3453 406 3531 oportuisse
435 3454 630 3534 intellegitur:
664 3453 834 3535 [3311133333
860 3451 1037 3533 intellegetur
1060 3470 1078 3512 3
1105 3452 1148 3512 dis
1173 3451 1298 3511 annm

151 3551 365 3612 talibusornnes
382 3556 543 3615 animantes
556 3563 590 3614 ut
609 3555 751 3614 anteirent
765 3551 927 3613 bominibus
941 3569 998 3611 esse
1016 3549 1165 3629 moenum
1178 3553 1299 3628 313333

150 3647 239 3709 simul
283 3651 392 3711 adnoto
429 3651 531 3712 eadem
572 3651 673 3712 rocula
711 3668 764 3730 333
799 3648 971 3710 intermissa
1008 3647 1124 3709 11133311
1153 3646 1298 3708 iudicium

150 3745 192 3825 (p.
217 3746 291 3824 201)
320 3766 443 3828 prorsus
467 3749 587 3827 infringi
616 3749 694 3829 quod
729 3747 796 3809 tulit
822 3746 864 3807 de'
888 3745 988 3825 priore
1016 3752 1099 3825 parte
1131 3745 1298 3807 sententiae

151 3842 262 3925 (11311
284 3846 415 3909 credibile
438 3867 478 3892 —·
501 3865 627 3928 quaeque
659 3851 689 3908 in
721 3864 752 3908 eo
774 3849 830 3908 sint
852 3848 976 3921 omnini:
1010 3843 1218 3905 dieue-Warte

149 3942 217 4004 sind
251 3962 283 4003 so
312 3945 650 4018 31331133333133131,
685 3946 752 4006 dass
786 3949 846 4003 mer
877 3943 922 4003 sie
955 3941 1070 4003 schriab'
1103 3940 1196 4002 baum
1229 3941 1298 4002 3133

150 4041 327 4120 Erginzung
357 4043 408 4104 des
436 4043 630 4122 allgemeinen
660 4038 870 4120 1333133311)
897 4041 992 4102 durcb
1020 4040 1110 4102 einen
1133 4039 1219 4100 rnabr
1233 4039 1298 4100 de·

151 4138 291 4201 13113133
306 4139 349 4200 im
365 4140 456 4202 Sinne
471 4142 562 4202 hatte.
600 4142 771 4203 Lectionem
787 4148 888 4202 autern
904 4158 920 4200 a
936 4158 983 4200 me
997 4137 1298 4216 constitutampraa·

151 4236 228 4299 clarc
262 4238 419 4299 confirmat
446 4239 538 4301 totius
568 4239 774 4319 disputationis
804 4238 936 4300 delinitio
969 4237 1002 4298 in
1034 4234 1161 4312 §1532
1187 4233 1299 4306 031113

150 4335 235 4396 rebus
262 4339 395 4415 conpositis
420 4341 489 4400 33113
518 4338 654 4401 docuisse
680 4337 785 4399 videor
798 4337 920 4398 barcinis
939 4345 1050 4397 331333
1070 4341 1177 4414 geronta
1200 4351 1298 4396 333333

151 4437 272 4496 anteiret
294 4438 462 4498 unireentes.
506 4436 603 4517 Atque
625 4437 702 4500 hanc
723 4435 889 4498 finitionem
912 4434 1012 4497 statim
1042 4433 1183 4497 11131331
1207 4433 1300 4499 mama
