2902 5040
603 289 842 352 -130-

151 466 241 529 luisse
258 467 356 529 nebus
371 465 484 527 firmior
509 465 665 528 testisest.
694 466 840 544 Superest
859 463 1058 542 lragnrentum
1084 481 1177 529 unum
1204 471 1234 525 et
1261 464 1291 525 id

152 565 272 646 quidem
288 573 497 645 corruptorum
512 564 784 644 corruptissimum
807 573 837 624 at
852 561 1053 624 coniecturam
1066 560 1121 623 tibi
1134 562 1292 624 ostendam

151 663 426 745 insperatam-quae,
442 662 493 726 ubi
505 662 609 742 obtigit
621 661 702 736 mibi,
715 663 809 742 ipsius
822 662 947 741 siquam
960 671 1111 722 vocaverat
1123 660 1291 722 Numenius

150 763 299 842 aquaticae
314 762 414 824 Musae
436 763 462 825 si
484 762 584 824 minus
605 763 692 824 verba
715 769 745 824 at
766 761 930 840 ingenuum
953 760 1057 820 saltem
1074 777 1229 821 susurrum
1254 760 1292 821 ad

150 876 237 923 aures
262 861 366 924 sedere
382 880 460 922 meas
484 861 644 923 arbitratus
663 878 740 932 sum,
764 860 892 940 indeque
917 859 1005 920 etiam
1034 857 1154 920 liberius
1175 859 1206 920 in
1222 877 1291 920 car-

151 961 229 1021 mine
245 969 359 1040 poetam
375 959 532 1022 incessisse
548 979 645 1040 neque
661 958 742 1022 omni
765 957 926 1037 indiguisse
944 956 1040 1019 volatu
1062 957 1175 1037 colligo.
1214 957 1291 1019 llam

150 1077 218 1119 eum
233 1058 377 1120 Athenaei
391 1058 503 1121 librarii
519 1057 616 1120 326Α
632 1059 713 1122 bunc
728 1076 845 1120 versum
860 1056 1007 1118 Numenin
1023 1055 1246 1137 adscripserint:

192 1168 269 1248 (llll)
293 1165 425 1243 ἄκονλας
447 1166 622 1249 κιγκάλοος
643 1189 678 1233 τε
700 1170 755 1232 καὶ
778 1164 944 1250 άλλοπίην
965 1166 1156 1251 τράχουρον,
1235 1169 1252 1207 ”

150 1317 261 1362 nomen
291 1318 397 1362 sanum
425 1301 540 1363 nullum
571 1300 677 1381 legitur
707 1307 823 1382 praeter
857 1292 1045 1380 τράχουρον.
1092 1296 1133 1360 lle
1169 1294 1291 1380 relii'puis

149 1398 331 1481 suspiciones
357 1399 488 1479 priorum
515 1401 623 1462 iterare
650 1398 748 1460 miuus
769 1399 864 1479 piacet
885 1396 940 1457 nisi
957 1397 1035 1475 qnod
1056 1415 1091 1457 ex
1116 1392 1292 1474 κιγκάλους

150 1497 464 1577 Schweighaeuserum
485 1498 647 1561 rectissime
663 1499 803 1559 excitasse
829 1490 978 1571 κίγκλους
1004 1494 1096 1574 ipsius
1124 1497 1211 1557 metri
1231 1496 1292 1558 cla-

150 1604 212 1656 mat
226 1595 350 1657 indoles.
377 1596 504 1660 Ultimus
519 1597 679 1659 lleinekius
694 1597 734 1657 ita
750 1612 868 1657 versum
883 1593 1044 1656 conclusit:
1061 1593 1115 1654 καὶ
1132 1591 1293 1675 litaniae
1348 1658 1353 1668 ,

148 1688 334 1778 ορήχουρον,
360 1695 443 1775 qussi
468 1713 580 1759 nomen
595 1690 755 1777 λλλοπλιγν
777 1678 816 1755 εἰῐ
839 1694 931 1756 ullum
953 1700 983 1754 et
1003 1693 1087 1772 quasi
1107 1689 1292 1774 τράχουρον

149 1793 249 1855 haberi
264 1812 318 1874 pro
333 1793 475 1856 adiectivo
490 1795 574 1856 facile
590 1792 728 1874 potuerit.
765 1793 823 1854 lam
845 1801 878 1853 ut
894 1792 930 1854 de
945 1792 1065 1854 incertis
1080 1799 1160 1853 certa
1176 1810 1291 1852 cousu-

87 1927 89 1932 ·
149 1892 257 1962 lamus,
282 1889 413 1969 κλγκλος
436 1893 564 1972 piscisne
589 1910 690 1956 revera
716 1889 795 1954 luit?
821 1892 943 1954 minime
970 1911 1049 1952 vero.
1088 1891 1179 1951 Avem
1206 1890 1292 1951 video

150 2010 274 2072 musque
302 1992 490 2055 maritimam.
526 1993 628 2072 ltaque
649 1993 683 2056 ad
706 1992 763 2055 hoc
789 1992 860 2053 dum
887 1992 1019 2062 attendo,
1043 1991 1101 2053 iam
1128 1989 1293 2068 scripturae

149 2090 315 2155 incuriosae
330 2091 431 2155 ruinas
445 2090 556 2155 sarcire
570 2091 609 2152 ita
624 2109 768 2171 propero:

250 2197 409 2274 ἀλκύονας
435 2200 586 2279 κίγκλους
608 2221 643 2264 τε
668 2199 723 2264 καὶ
749 2198 873 2286 ἀπλοΐῃ
900 2200 1077 2285 τράχουρον

247 2295 456 2381 ἁρπάζοντας
482 2295 616 2385 ὁρῶμεν.

148 2412 292 2473 Viciniora
319 2413 390 2477 haee
415 2412 508 2477 fuisso
535 2413 689 2494 prooemio
718 2413 882 2479 videantur.
924 2412 1021 2474 Etiam
1044 2411 1176 2493 cymbam
1200 2417 1287 2490 poeta

148 2509 286 2590 piseateri
301 2511 474 2574 struendam
489 2529 552 2575 esse
568 2512 698 2575 docebat
741 2512 923 2575 Provocabat
941 2511 977 2574 ad
993 2529 1069 2575 aves.
1110 2511 1187 2572 Sunt
1207 2508 1288 2569 euim

148 2626 217 2672 ares
246 2624 364 2688 qusque
393 2626 470 2690 quae
498 2609 659 2690 piscentur,
688 2618 773 2691 atque
799 2611 864 2672 illae
890 2610 1025 2690 rapinam
1051 2627 1155 2690 rapere
1177 2615 1288 2669 certam

148 2706 192 2766 vel
208 2705 273 2767 sine
287 2707 401 2785 navigio
417 2706 485 2784 (καὶ
501 2699 639 2793 άπλολῃ)
662 2710 776 2785 callent,
796 2710 902 2790 quibus
924 2709 1025 2770 datum
1052 2717 1096 2770 est
1118 2707 1209 2770 tidere
1234 2705 1288 2768 alis

150 2822 183 2866 ac
208 2805 342 2886 proicere
358 2825 389 2868 se
405 2809 560 2891 repentino
584 2808 614 2870 in
636 2808 772 2890 aequoris
792 2810 899 2871 fluctus
915 2827 931 2868 e
947 2807 1075 2869 nubibus
1096 2803 1288 2888 praecipicio:

148 2920 204 2965 nos
219 2924 288 2966 vero
304 2902 439 2968 homines
454 2909 543 2987 alque
554 2907 695 2970 Daedalea
711 2906 783 2970 adeo
800 2915 861 2969 arte
879 2907 952 2969 male
968 2911 1101 2969 carentes
1114 2900 1289 2973 naviculam,

149 3022 206 3083 qua
232 3004 314 3066 adire
327 3004 436 3068 victum
454 3006 539 3069 rilem
558 3007 716 3119 possimus
739 3004 840 3071 labore
860 3006 1021 3088 parandam
1038 2999 1113 3066 duro
1134 3002 1288 3065 habemus

149 3101 261 3175 (leuibus
287 3103 413 3183 receptis
433 3123 507 3167 num
522 3105 681 3186 perspicies
708 3124 762 3168 cur
783 3123 844 3168 non
859 3105 959 3186 potius
979 3097 1176 3185 τραχούρους
1197 3120 1288 3184 quarn

148 3197 329 3284 τράχουρον
344 3200 412 3265 dare
426 3204 555 3285 scriptor
569 3201 731 3267 debuerit?

234 3300 312 3362 llaec
326 3300 363 3362 de
378 3301 539 3365 Numenio·
532 3321 644 3384 ‚quem
661 3303 888 3365 llalienticorum
904 3299 1103 3381 posteriorum
1119 3298 1288 3380 exemplum

149 3411 210 3459 non
226 3398 316 3460 luisse
330 3399 415 3462 laoile
428 3401 627 3482 intellegitur3
652 3410 754 3464 tamen
774 3402 894 3463 nornine
916 3418 984 3463 eum
1008 3407 1037 3461 et
1053 3412 1243 3461 enumerasse
1255 3405 1289 3460 ct

148 3497 274 3578 propriis
300 3497 452 3561 adieetivis
479 3518 613 3563 ornasse
627 3499 820 3563 memorabile
840 3509 892 3561 cst.
924 3496 1066 3560 Similiter
1086 3497 1174 3559 etiam
1194 3497 1289 3559 Pan-

151 3605 271 3657 crates
311 3597 362 3676 qni
403 3600 540 3679 sequitur
557 3600 698 3661 Arcadius
739 3598 769 3659 in
793 3597 940 3678 Operibus
967 3597 1125 3659 maritimis
1153 3597 1227 3674 egit,
1258 3595 1288 3657 irl

149 3694 228 3774 qnod
251 3695 358 3758 docent
379 3697 544 3777 fragmenta
560 3700 636 3780 apud
653 3698 837 3761 Athenaeum
860 3698 915 3759 tria
932 3715 1060 3784 quorum
1076 3697 1207 3777 primum
1223 3701 1289 3756 esto

150 3792 208 3853 321
227 3793 266 3854 ll:

450 3891 578 3958 σάλπαι
601 3889 631 3957 τ’
655 3894 824 3978 ἰσομήκεες
847 3893 945 3974 ἰχθῦς

249 3985 288 4064 ἅς
309 4012 344 4053 σε
365 3991 448 4074 βόας
470 3994 611 4077 πορκῆες
632 3990 770 4078 άλλζῳοι
793 3990 967 4057 καλέουσιν
1049 4012 1052 4017 ·

250 4082 367 4155 οὔνεκα
389 4094 521 4175 γαστέρι
545 4093 649 4176 φῦκος
671 4087 723 4155 ἀεὶ
747 4087 902 4167 ἀλέουσιν
924 4087 1069 4176 ὀδοῦσιν,

150 4223 239 4284 bores
255 4223 311 4286 boc
324 4225 390 4286 loco
401 4222 440 4285 ad
450 4222 629 4303 piseatorum
642 4241 811 4286 sermonem
823 4242 877 4303 pro
889 4222 980 4286 scaris
993 4221 1088 4286 vocari
1100 4221 1189 4283 tertio
1201 4241 1288 4284 ausu

150 4322 303 4384 doeemur:
319 4323 419 4403 itaque
435 4322 574 4401 quoniam
590 4340 707 4386 scarum
721 4332 751 4385 et
765 4324 875 4403 salpam
890 4321 1033 4385 berbosae
1048 4340 1153 4383 arenae
1171 4329 1286 4383 utrum·

150 4438 207 4499 que
233 4431 396 4485 amatorem
410 4421 570 4483 Pancrates
595 4423 672 4485 sicut
688 4421 808 4485 Ovidius
835 4422 996 4492 coniunxit,
1023 4440 1096 4484 num
1122 4420 1199 4482 forte
1224 4421 1289 4500 ipsa
