2902 5040
676 301 895 368 ...pon

213 489 247 542 ut
282 480 358 541 iusta
394 478 527 541 videatur
565 479 730 559 malignitas
773 479 961 551 conicientis,
1003 480 1177 561 scriptorem
1220 478 1358 543 nostrum

214 579 362 641 marinum
397 587 554 659 postquam
585 599 611 639 v.
636 579 695 640 100
724 578 887 659 pompilum
916 579 1026 659 piscem
1057 578 1138 641 bunc
1170 578 1202 641 in
1236 582 1358 642 modum

213 679 375 740 vocaverit:

315 777 419 855 Tuque
441 794 542 836 comes
564 774 671 836 ratium
695 775 840 854 tractique
862 792 915 855 per
938 792 1067 854 aequora
1089 776 1162 838 sulci

315 873 374 945 Qui
396 892 515 952 semper
537 890 691 952 spumas
715 858 1000 954 sequeris'pompile

212 972 341 1034 voluisse
363 971 483 1051 quidem
505 970 545 1031 ita
569 970 694 1050 obsequi
716 971 823 1031 borum
853 979 1010 1050 poetarum
1044 970 1135 1041 mori,
1169 979 1201 1031 ut
1232 972 1265 1033 in
1299 973 1359 1034 line

213 1070 393 1132 hemistichii
426 1068 600 1150 posterioris
633 1069 785 1131 notionem
824 1088 888 1130 eam
926 1076 1083 1130 exornaret
1119 1088 1195 1148 quae
1231 1068 1263 1131 in
1299 1072 1359 1133 1100

212 1167 319 1248 prioris
341 1166 521 1228 hemistichii
545 1175 604 1237 est,
638 1168 690 1228 sed
713 1167 810 1229 versui
832 1167 910 1247 qnod
945 1167 1095 1247 adaptaret
1128 1185 1190 1230 non
1223 1169 1360 1231 habuisse

212 1274 328 1347 praeter
349 1268 483 1338 nitentes,
512 1284 571 1345 quo
594 1273 694 1328 tamen
722 1264 811 1326 verbo
840 1265 919 1326 unda
947 1283 1020 1345 pura
1045 1265 1146 1345 potius
1172 1265 1306 1330 videlicet
1329 1276 1360 1330 et

212 1363 289 1426 clara
311 1362 489 1426 describitur
520 1381 607 1442 quam
638 1379 710 1425 cana
740 1362 788 1423 illa
817 1380 922 1443 spuma
953 1362 1075 1442 gurgitis
1102 1363 1214 1426 sulcati.
1259 1362 1360 1438 Quint

211 1462 376 1525 Ausonium
411 1480 479 1523 cum
508 1461 659 1523 Mosellam
690 1460 833 1523 scriberet
869 1461 986 1541 cognita
1022 1461 1185 1524 halieutica
1218 1458 1359 1527 habuisse

214 1561 299 1624 facile
321 1560 357 1622 ad
381 1559 562 1621 credendum
587 1566 646 1633 est;
674 1559 794 1620 atride
820 1569 932 1639 quanto
958 1559 1068 1621 rectius
1093 1559 1143 1621 ille
1168 1580 1194 1621 v.
1211 1561 1293 1649 1107:

313 1658 534 1738 Spumarum
564 1657 680 1719 indiciis
711 1657 833 1739 caperis,
863 1657 1012 1732 mustella,
1042 1666 1245 1722 natantum

212 1763 314 1820 tamen
328 1775 401 1819 num
417 1757 491 1819 alter
505 1764 594 1837 poeta
610 1757 735 1818 alterum
751 1755 954 1818 emendaverit
968 1773 1007 1819 an
1022 1756 1100 1818 forte
1114 1756 1214 1839 ipsum
1229 1761 1359 1823 00100110

213 1855 283 1918 olim
309 1855 341 1918 in
365 1854 477 1933 Oridio¹
495 1854 642 1917 exstiterit
668 1872 730 1916 non
757 1853 895 1916 diiudico.

296 1957 476 2019 Accedamus
498 1954 534 2016 ad
557 1954 690 2015 channen
712 1954 825 2034 piscem
849 1953 885 2015 de
908 1971 965 2034 qua
987 1952 1078 2016 habes
1102 1972 1128 2014 v.
1148 1953 1222 2017 107:

1001 2059 1032 2114 ct
1053 2071 1089 2113 ox
1115 2071 1147 2114 so

354 2151 527 2233 Concipiens
549 2150 666 2212 channe
687 2148 807 2229 gemino
828 2147 886 2211 sibi
906 2150 1027 2212 fundata
1049 2158 1182 2232 parente.

211 2251 356 2314 Violentia
378 2270 430 2313 sua
454 2268 516 2311 non
539 2247 645 2310 defecit
667 2247 794 2309 editores
816 2239 867 2327 ¹qui
902 2248 1056 2311 exhibent:
1083 2253 1194 2329 pemmo
1214 2248 1358 2332 fraudato

207 2360 344 2430 percute:
377 2349 456 2410 unde
490 2347 569 2408 enim
604 2354 703 2407 ortum
733 2365 799 2406 esso
822 2346 992 2425 putabimus
1024 2344 1101 2409 satit
1134 2348 1224 2410 Verae
1257 2355 1359 2411 tamen

212 2447 428 2510 emendationis
451 2445 496 2507 via
512 2463 573 2506 non
595 2444 720 2519 latebat,
742 2444 824 2524 ipsos
846 2444 981 2506 librarios
998 2464 1149 2525 rogemus:
1173 2445 1315 2527 praebent
1338 2447 1359 2508 ii

211 2566 319 2626 nempe
342 2546 372 2606 in
397 2564 484 2606 versu
507 2544 665 2621 fragmenti
681 2543 771 2605 huius
790 2542 850 2603 114
865 2543 1002 2604 mucleto
1023 2560 1077 2623 pro
1092 2542 1229 2615 merulae,
1252 2565 1279 2605 v.
1299 2545 1358 2606 113

211 2644 330 2707 cuudotc
351 2662 406 2724 pro
429 2642 545 2716 caudae,
567 2645 751 2704 coccicc'totur
772 2660 826 2722 pro
849 2645 973 2704 0000000
995 2661 1021 2702 v.
1046 2641 1096 2715 39,
1118 2660 1145 2703 v.
1169 2641 1209 2702 23
1231 2645 1360 2706 r'amictr's

211 2743 258 2805 rel
277 2745 397 2807 inmittis
418 2759 472 2822 pro
493 2744 615 2814 inmitis,
638 2759 663 2800 v.
687 2737 727 2800 28
752 2750 904 2803 0000000101
926 2760 981 2822 pro
1003 2746 1144 2814 coccino,
1173 2742 1245 2804 item
1267 2761 1294 2803 r.
1316 2743 1357 2803 91

211 2841 304 2921 cipue
326 2841 358 2902 in
380 2839 523 2911 Parisino,
545 2843 619 2901 irate
640 2857 694 2919 pro
716 2842 759 2900 ire
781 2839 812 2901 in
835 2859 860 2899 v.
877 2839 918 2900 52
941 2848 1009 2920 post
1023 2859 1050 2902 v.
1066 2840 1107 2903 65
1129 2841 1246 2913 iterato,
1269 2858 1359 2920 porro

212 2949 313 3001 curate
335 2957 388 3019 pro
411 2956 501 3000 uuroe
523 2957 550 2998 v.
565 2937 617 3010 70,
635 2950 750 3018 percute
772 2957 827 3018 pro
847 2957 949 3019 percae
971 2959 997 3000 v.
1017 2938 1086 3011 112,
1108 2938 1213 3001 solaute
1234 2956 1289 3020 pro
1310 2957 1358 3001 oo-

210 3037 365 3112 1000124,
398 3048 482 3099 route
508 3055 563 3116 pro
585 3055 676 3099 runco
698 3056 725 3097 v.
751 3037 820 3098 tao.
865 3038 947 3110 Quae
970 3037 1164 3099 exuberantes
1194 3035 1358 3117 scripturae

211 3135 436 3217 langobardicae
465 3153 500 3196 ex
522 3136 688 3198 litterarum
712 3152 731 3195 u
752 3143 783 3197 et
806 3146 817 3199 t
837 3136 1031 3200 similitudine
1054 3135 1241 3217 explicandae
1264 3120 1374 3215 profi-'

210 3234 382 3298 ciscendum
399 3253 463 3296 esse
478 3234 587 3296 docent
609 3235 792 3297 emendatori
807 3235 838 3296 in
854 3254 882 3296 r.
900 3235 959 3298 108
976 3236 1011 3298 ab
1026 3237 1081 3299 hac
1096 3235 1197 3316 potius
1218 3232 1358 3296 lectione:

208 3336 320 3414 pemmo
340 3333 396 3394 sibi
414 3333 510 3411 fundu
529 3342 661 3413 percote.
704 3333 801 3413 Atque
831 3351 956 3396 sensum
984 3351 1087 3397 verum
1111 3331 1254 3412 llauptius
1276 3330 1359 3393 indi-

211 3431 285 3494 carit
305 3431 366 3493 bis:
398 3431 526 3509 ‚remini
548 3431 611 3493 vice
638 3430 739 3492 100010
762 3432 930 3510 parentis“:
958 3433 1088 3495 eundem
1111 3431 1223 3493 00111001
1245 3429 1358 3510 piscem

209 3530 308 3613 proles
331 3538 361 3591 ct
383 3538 508 3592 matrem
530 3535 560 3590 et
574 3537 688 3610 patrem
704 3527 839 3591 habebat.
876 3531 972 3612 Atque
994 3529 1288 3593 animadvertendum
1313 3535 1360 3590 est

210 3645 336 3690 novasse
357 3628 449 3689 rideri
471 3627 528 3689 buc
549 3644 669 3708 quoque
691 3627 882 3709 scriptorem,
904 3637 938 3690 ut
961 3628 1045 3691 Ovidi
1067 3628 1139 3692 illud
1160 3638 1278 3708 uterque
1300 3644 1360 3708 pu·

209 3745 278 3790 rcus
291 3725 383 3805 (Fast.
398 3727 422 3788 v
440 3723 512 3802 181)
529 3725 560 3788 10
571 3734 723 3806 pertatem
736 3730 881 3806 perticum
896 3733 1091 3802 converteret,
1112 3744 1240 3808 quocum
1256 3734 1358 3788 tamen

210 3825 423 3887 conterendum
439 3825 546 3886 iterum
564 3831 610 3886 est
625 3824 795 3904 poemation
815 3825 887 3887 iliud
902 3827 940 3889 de
956 3825 1044 3906 Sepia
1061 3828 1107 3904 (A.
1123 3825 1154 3887 L.
1171 3825 1259 3886 Riese
1276 3823 1359 3900 107),

210 3924 243 3986 10
266 3942 322 4003 quo
345 3922 453 3985 animal
474 3925 598 4004 femineo
625 3927 738 3986 nomiae
765 3927 910 4004 petrinum
939 3943 1040 3988 000001
1065 3923 1220 4002 designare
1250 3921 1361 3984 dicitur

210 4021 394 4102 (ignorabilia
417 4023 469 4102 qui
491 4023 593 4083 rimari
622 4030 722 4084 amant
744 4022 825 4086 bunc
858 4023 952 4085 nostri
984 4022 1144 4104 fragmenti
1176 4021 1359 4083 imitatorem

209 4138 277 4182 esse
299 4120 474 4195 coniciant);
497 4139 601 4202 parum
625 4112 705 4183 certe
719 4118 859 4198 feliciter:
881 4139 950 4184 nam
965 4120 1118 4201 geminum
1134 4119 1278 4200 singulari
1299 4136 1360 4180 nu·

208 4236 293 4280 mero
315 4219 344 4280 id
368 4226 489 4281 vocatur
510 4227 614 4298 poetae
641 4219 722 4299 quod
750 4219 822 4282 duas
849 4238 898 4282 res
928 4218 1163 4301 comprehendat
1190 4217 1302 4280 similes
1330 4224 1360 4278 et

208 4316 286 4378 inter
307 4335 340 4379 se
362 4317 592 4399 respondentes:
615 4319 753 4399 geminus
774 4338 837 4400 pes,
860 4319 1012 4398 geminum
1029 4334 1132 4392 cornu,
1155 4316 1272 4397 gemina
1294 4335 1360 4377 ma-

208 4431 276 4491 nus,
297 4415 369 4478 item
393 4417 509 4496 egregie
531 4418 568 4478 ad
590 4416 662 4479 litus
685 4418 846 4498 adplicatur
861 4417 928 4481 blot.
944 4417 1008 4480 XlV
1023 4415 1052 4491 0,
1075 4417 1119 4478 vel
1143 4416 1179 4478 ad
1202 4433 1285 4479 mare
1301 4414 1358 4476 du-
