2902 5040
571 279 816 344 -103-

116 455 305 532 rogationem
343 465 411 533 apte
446 450 659 534 respondebat:
697 456 860 531 Quomodo,
896 464 1001 540 iuquit,
1026 461 1270 541 ...inutileque

117 553 317 615 coitr'ectoturi>
347 555 503 634 difficilior
528 570 589 627 νεα
616 561 642 618 α’
665 568 761 618 torum
780 562 877 638 cua'pis,
894 560 997 619 dicum.
1028 559 1118 621 Scotto
1132 578 1161 620 se
1177 579 1270 621 corne

117 661 246 714 coustorc
269 672 344 732 eqs.3
381 655 516 733 seqnitur
542 664 640 716 autem
666 672 715 716 res
743 652 845 718 revera
875 657 1030 718 difficilior.
1075 657 1177 736 ltaque
1204 676 1268 720 nna

115 751 165 810 illa
198 752 376 814 sententiola
403 773 471 814 cum
504 754 534 813 in
572 754 736 830 marginem
770 755 901 826 abiisset,
939 756 1058 817 dimidia
1096 757 1158 817 eins
1194 775 1267 837 pars,

116 849 234 918 amissa,
256 851 369 930 reliqna
391 860 425 911 ut
448 853 481 912 lit
504 869 565 912 oon
587 870 642 912 suo
665 853 731 913 loco
753 855 883 932 reposita
906 864 960 916 est.

201 946 336 1027 lienique
356 957 459 1010 contra
482 950 657 1028 Madvigium
679 949 728 1028 (ad
745 948 786 1012 lle
802 948 853 1011 lin.
869 951 909 1012 lll
929 954 978 1027 16)
1000 968 1106 1014 moneo
1121 953 1267 1016 omnibus

116 1047 162 1132 his
174 1048 329 1125 praeclare
344 1050 454 1110 firmari
478 1051 555 1129 alind
571 1049 668 1109 Laert.
686 1049 768 1128 lliog.
783 1051 832 1111 llll
849 1050 888 1112 85
909 1052 1066 1114 lectionem
1086 1051 1145 1134 την
1159 1045 1268 1115 αὑτοῦ·

115 1141 277 1207 σύστασιν
302 1150 358 1206 καὶ
385 1145 443 1228 την
461 1145 580 1230 ταύτης
601 1146 837 1230 συνείδησιν
856 1149 914 1210 nisi
929 1152 1008 1230 quod
1027 1152 1190 1232 pleniorem
1210 1169 1265 1212 ex·

113 1243 283 1320 prectubtm:
307 1243 362 1304 καὶ
378 1241 438 1327 τήν
453 1242 571 1328 ταύτης
586 1245 621 1316 ἐξ
635 1241 713 1308 ὅτου
729 1244 934 1328 λαμβάνεται
950 1245 1150 1331 συνείδησιν.

199 1341 353 1405 Hactenus
379 1345 415 1405 de
432 1343 603 1424 Chrysippo.
642 1345 717 1406 Nom
745 1347 825 1426 qnod
851 1348 981 1410 sollertia
997 1349 1169 1428 aquatilium
1184 1350 1267 1410 vinu·

114 1441 266 1501 terrestria
304 1443 441 1504 animalia
477 1442 626 1519 dicuntur,
657 1444 688 1504 in
718 1463 755 1504 eo
784 1445 907 1506 fortuito
938 1448 1094 1508 concinere
1123 1448 1262 1510 videntur

112 1546 200 1618 poma
217 1540 334 1602 <latinus
359 1549 447 1620 atque
470 1543 645 1603 Plutarchus
666 1545 776 1622 qnippe
798 1544 923 1606 diversis
938 1563 1060 1624 prorsus
1076 1549 1260 1624 argumentis

113 1635 342 1718 rem‘agentes3
375 1659 474 1720 neque
500 1642 654 1720 vestigium
682 1644 770 1705 liuius
790 1645 958 1706 sententiae
984 1646 1077 1708 ullum
1104 1655 1156 1708 ant
1182 1649 1260 1726 apud

112 1737 287 1800 ciceronem
314 1749 364 1802 aut
390 1741 468 1820 apud
490 1741 658 1820 Oppianum
680 1751 735 1802 est.
781 1743 878 1822 Atque
901 1745 960 1805 iam
981 1762 1015 1805 eo
1037 1740 1212 1806 deducimur
1228 1754 1265 1807 ut>

109 1836 223 1916 reliqua
249 1856 326 1917 quae
351 1839 387 1899 de
410 1839 541 1919 piscibus
560 1841 592 1900 in
618 1840 748 1902 carniine
764 1842 853 1902 latino
879 1853 995 1904 exstant
1019 1858 1259 1922 percenseamus,

111 1936 191 1996 unde
217 1951 308 1996 noras
335 1955 373 1997 ne
396 1938 444 1998 hie
464 1939 584 2017 quidem
605 1941 657 2000 sed
681 1958 857 2002 communes
872 1942 936 2002 fere
953 1941 1121 2021 antiquitati
1137 1940 1264 2003 notitias

110 2053 127 2094 a
142 2042 230 2113 poeta
248 2032 341 2113 promi
359 2033 533 2097 firmabitur.

647 2294 719 2356 Vlll.

151 2478 156 2486 ·
196 2431 323 2515 Oppiani
346 2444 376 2496 et
397 2433 463 2495 falsi
487 2433 572 2494 uvidi
599 2434 631 2494 in
658 2442 720 2495 arte
742 2434 897 2514 piscatoria
920 2435 1077 2499 scribenda
1100 2437 1263 2499 consilium

109 2536 188 2598 idem
212 2536 267 2597 luit
285 2534 347 2594 nisi
368 2534 448 2613 qood
471 2541 501 2594 et
523 2551 624 2594 rerum
643 2535 730 2613 copia
753 2543 784 2594 et
805 2534 950 2596 librorum
966 2553 1092 2598 nutriero
1105 2537 1255 2618 quinque

108 2634 226 2714 plicatis
247 2629 323 2694 alter
344 2634 469 2694 alterum
491 2642 623 2711 superat.
668 2633 756 2693 Pares
783 2632 815 2692 in
841 2652 875 2693 eo
899 2652 950 2693 cos
974 2634 1072 2695 vidisti
1096 2637 1177 2715 quod
1199 2635 1263 2696 sol-<

108 2734 208 2794 lertiae
230 2739 357 2812 uterque
379 2732 507 2810 piscium
529 2733 692 2793 narrandas
708 2732 859 2792 duxerunt
874 2741 904 2792 et
920 2732 1041 2812 quidem
1058 2734 1257 2813 Chrysippum

108 2827 221 2910 paritum
241 2829 341 2891 adiere
364 2831 414 2910 qui
440 2846 505 2891 rem
528 2831 723 2910 compositam
747 2827 987 2890 commodissime
1010 2831 1152 2910 praebere
1174 2833 1257 2892 vido-

109 2933 210 3004 batur3
232 2946 318 3009 pares
334 2930 422 2990 etiam
444 2930 475 2989 in
492 2948 537 3003 eo,
554 2930 634 3009 quod
656 2930 821 3007 catalogum
834 2929 960 3008 insuper
975 2931 1150 3008 aquatilium
1175 2939 1257 2990 nter-

109 3044 173 3108 qne·
189 3035 364 3108 proponunt
386 3038 417 3090 et
437 3028 559 3107 quidem
583 3030 747 3106 talemque
771 3028 860 3090 simul
881 3028 1127 3107 instituaturqni
1150 3028 1257 3089 dicitur

107 3125 276 3207 χωρισμὸς
299 3127 375 3188 τῶν.
390 3123 528 3204 ἰχθύων.
566 3127 661 3207 Atque
682 3136 712 3188 et
735 3127 782 3187 hie
805 3136 834 3187 et
856 3123 915 3188 illic
938 3125 1074 3206 aquatilia
1089 3127 1254 3188 secundum

107 3229 242 3288 locorum
266 3225 462 3286 diversitatem
487 3226 656 3303 variamque
677 3225 768 3286 maris
790 3225 840 3285 imi
864 3234 1001 3286 naturam
1024 3225 1255 3286 distribuuntur.

108 3327 189 3401 uuae
210 3325 314 3403 incipit
336 3323 382 3403 agi
403 3342 451 3384 res
474 3324 552 3402 apud
580 3324 705 3385 latinum
728 3323 905 3402 scriptorem
925 3323 998 3393 inde
1021 3340 1036 3384 a
1059 3342 1085 3382 v.
1103 3323 1154 3395 85,
1175 3325 1255 3402 apud

108 3440 245 3504 graecum
262 3424 299 3485 ab
314 3423 326 3487 1
341 3442 367 3483 v.
385 3421 435 3483 86.
474 3425 571 3501 Atque
593 3423 670 3483 hanc
693 3423 782 3484 totius
806 3423 903 3502 operis
923 3421 1150 3501 dispositionem
1171 3441 1264 3483 com-2

109 3541 230 3583 munem
253 3522 289 3582 iis
312 3540 382 3582 casu
397 3521 503 3582 factam
528 3540 593 3581 esse
616 3521 664 3581 vir
685 3520 798 3582 credes.
836 3520 959 3599 Singula
982 3538 1052 3581 vero
1076 3529 1254 3599 persecutns

109 3622 178 3682 hece
200 3621 340 3682 observo:
363 3621 441 3699 apud
465 3620 605 3681 Ovidium
626 3640 653 3680 v.
670 3619 802 3682 soz-91
829 3620 932 3680 divisio
956 3637 1017 3681 non
1040 3620 1174 3683 cernitur
1195 3620 1254 3681 nisi

108 3721 243 3781 locorum
265 3728 439 3780 ternorum:
464 3729 492 3779 et
515 3738 692 3782 saxosorum
713 3727 743 3780 et
765 3719 978 3781 umbrosorum
1002 3729 1031 3781 et
1045 3719 1252 3780 herbosorum.

107 3820 210 3899 Atque
226 3819 282 3880 ista
306 3819 356 3898 qui
378 3819 482 3897 legerit
504 3820 562 3880 iam
585 3820 648 3898 ipsa
671 3818 793 3879 nomina
818 3818 945 3898 piscium
967 3819 1037 3879 inde
1052 3837 1068 3879 a
1084 3837 1109 3878 v.
1126 3817 1167 3878 94
1191 3818 1254 3879 dis-

106 3919 239 3998 positum
267 3927 296 3977 et
328 3925 497 3996 separatum
530 3919 566 3978 iri
600 3917 764 3996 expectabit
797 3934 899 3978 eorum
934 3917 1064 3996 prrimnm
1099 3917 1149 3995 qui
1183 3935 1252 3976 saxa

107 4017 213 4078 deinde
242 4015 297 4094 qui
330 4015 466 4076 umbram
499 4017 602 4077 ultimo
636 4016 701 4076 loco
735 4016 787 4094 qni
814 4016 907 4095 algam
930 4016 1047 4076 mollem
1070 4021 1258 4094 presumunt

106 4116 172 4188 Quo
196 4115 292 4176 cilicio
315 4115 407 4176 homo
430 4115 644 4176 insulsissimus
668 4136 702 4176 eo
726 4133 820 4194 nsque
842 4133 904 4175 non
926 4115 1047 4176 functus
1072 4122 1118 4175 cst
1140 4123 1174 4174 ut
1196 4112 1254 4192 pei·

106 4215 196 4293 lagios
222 4216 340 4274 tantum
365 4214 453 4275 modo
476 4219 512 4290 lv.
535 4214 706 4291 est-417)
735 4214 837 4275 incolis
865 4214 1022 4274 herbarum
1047 4211 1253 4290 (MS-434)

106 4315 272 4392 opponeret
304 4324 392 4394 etque
424 4315 454 4374 in
488 4315 541 4374 has
575 4314 648 4376 duas
682 4314 789 4374 classes
824 4314 933 4374 conicit
962 4314 1168 4393 constipatqus
1194 4332 1251 4374 no-

106 4413 186 4474 mina
208 4416 359 4492 quotquot
379 4419 529 4492 comperta
558 4412 646 4472 habet
674 4420 780 4472 natura
807 4411 946 4490 victuque
975 4421 1006 4472 et
1032 4412 1095 4490 ipsa
1121 4411 1258 4473 stationu-
