2902 5040
659 336 697 347 —
750 303 900 366 tnt-

207 480 367 558 angulos
410 478 548 542 habent
592 479 763 542 malitiae
790 476 855 550 δος
897 475 1034 556 ἔχουσι
1077 476 1119 540 τὸ
1157 473 1258 560 πρὸς
1300 477 1351 561 τῷ

208 578 545 658 notampraebent.
790 576 976 659 μυκτῆρι,
1021 577 1227 658 πονηρίας.
1276 575 1352 639 llino

791 672 1122 737 autemtrausilitural

207 803 369 867 Candida
398 824 483 886 pars
509 813 655 868 extenta
690 824 758 867 uo·
787 799 976 883 μ492Α1οε
998 795 1054 864 καὶ
1078 798 1100 884 ἢ
1125 799 1352 884 exundasse
1404 862 1410 895 1

207 908 277 962 tarn
326 902 580 982 impudentiae
636 904 760 978 habet3
788 893 1408 1013 uraneiluttretciineofmlek*0²

207 1000 268 1078 qui
290 1001 502 1063 identidem
528 1003 675 1082 operire
702 1023 762 1064 so·
789 1000 901 1061 rloeoo
945 993 981 1060 δ’
1018 991 1124 1080 ἤθους
1168 993 1203 1060 oi
1238 996 1350 1079 utone,

206 1099 299 1171 lent,
322 1099 613 1163 inconstantiae.
637 1101 762 1179 (lterum
791 1095 948 1160 ἐκείνων
974 1091 1053 1158 δ’δ’
1071 1095 1143 1176 μὲν
1165 1091 1348 1177 ἀναιδής,

209 1197 282 1258 miro
317 1199 405 1259 ruodo
438 1200 544 1262 lalsuro
571 1200 654 1263 video
689 1201 762 1262 Gut·
793 1189 810 1259 ὁ
838 1191 870 1258 δ’
897 1190 1063 1277 ἀβέβαιος·
1314 1196 1317 1201 ’

208 1294 385 1358 schmitlium
420 1298 472 1376 qui
497 1299 516 1360 l.
540 1299 561 1359 Ι.7
588 1299 667 1378 quod
697 1316 766 1379 pars

207 1394 282 1455 oculi
305 1395 427 1457 candida
447 1395 649 1475 impudentiae
664 1404 734 1459 nota
750 1415 766 1457 a

207 1491 303 1571 Trogo
340 1492 456 1566 dicitur,
492 1512 625 1574 pugnare
660 1493 689 1556 id
727 1495 768 1556 ait

208 1600 309 1652 contre
336 1591 393 1653 hoc
422 1592 563 1654 iudicium
585 1592 769 1655 Aristotelis:

208 1677 482 1771 inculpatos
508 1688 552 1753 τὸ
582 1691 653 1771 μὲν
680 1687 768 1753 λου·

207 1784 275 1850 κὰν
300 1783 443 1869 ὅμοιον
470 1784 512 1862 ὠς
537 1786 596 1851 ἐπὶ
619 1786 656 1851 οὐ
680 1786 768 1852 πολὺ

208 1884 343 1949 πᾶσιν.
372 1887 496 1949 Pondus
513 1906 584 1950 vero
599 1888 767 1952 sentemiee

207 1983 338 2063 positum
376 1985 407 2047 in
441 2005 511 2047 voce
544 1996 688 2049 enterttom
721 1993 768 2049 est

208 2101 266 2162 qua
281 2082 395 2163 Trogus
410 2103 532 2163 graecae
547 2085 624 2148 vocis
641 2081 767 2158 ἀτενεῖς

140 2259 141 2263 ¹
207 2181 296 2243 etiam
310 2181 407 2262 ipsum
425 2183 504 2264 quod
527 2192 647 2264 etymon
663 2183 767 2246 dicunt

207 2279 323 2342 curiose
344 2281 478 2343 imitatus
501 2282 567 2361 est).

209 2404 446 2467 Oricularum
470 2408 684 2486 magnitudo
707 2408 763 2471 lo·
791 2427 819 2487 p.
832 2398 1352 2490 492Α34εκαὶῆμογάλαῆμον

207 2504 423 2583 quacitatis
480 2513 516 2567 et
572 2506 763 2570 stultitiae
792 2504 854 2587 κρὰ
882 2501 902 2586 ἢ
932 2505 1019 2586 μέσοι
1054 2501 1364 2588 &incrementoru-

208 2609 388 2666 notaest.
738 2651 741 2655 <
792 2598 1142 2686 σφόδραῆοὐθὲοῆ
1166 2606 1284 2685 μέσον·
1312 2601 1354 2669 τὰ

792 2699 830 2764 ot
855 2703 941 2784 μέσοι
956 2699 1130 2783 βελτίστου
1150 2698 1256 2784 ἤθους
1281 2719 1355 2786 ση-

792 2808 923 2881 μεῖον,
964 2797 1011 2862 τὰ
1042 2797 1085 2863 δὲ
1113 2797 1266 2881 μεγάλα
1295 2799 1354 2867 καὶ

784 2895 1038 2981 ’ἕποινεστηκότο
1100 2896 1355 2982 μορολονίαο

792 2994 859 3060 καὶ
886 2991 1140 3077 ἀδολεσχίας.

292 3132 441 3196 Hactenus
456 3131 581 3213 Trogus.
618 3133 775 3198 Videamus
797 3135 1019 3216 rationemque
1041 3153 1058 3197 e
1080 3133 1176 3197 Plinio
1197 3132 1362 3197 inseratur:

208 3230 282 3292 Eece
304 3232 472 3294 Aristoleles
505 3230 569 3312 ipse
604 3240 649 3294 est
681 3231 716 3296 ad
744 3250 834 3315 quem
864 3233 1033 3296 adnectitur
1053 3230 1176 3316 Trogus,
1209 3248 1279 3294 oum
1324 3238 1354 3294 et

208 3349 243 3390 eu
265 3330 322 3391 hoe
344 3339 372 3391 et
395 3350 430 3392 ex
452 3329 502 3392 illo
524 3331 713 3411 proferantur
734 3331 886 3412 praescita.
932 3333 1016 3408 Quod
1040 3333 1064 3394 si
1087 3330 1200 3393 Plinius
1222 3330 1282 3393 luit
1302 3330 1355 3410 qui

207 3436 290 3488 tanto
314 3429 430 3509 qualern
453 3436 516 3490 toto
538 3430 596 3490 hoo
618 3431 712 3511 capite
734 3432 821 3493 nobis
844 3431 1001 3493 obseruare
1027 3431 1132 3493 licebat
1158 3438 1279 3509 tamque
1301 3427 1363 3489 ln·¹

207 3525 322 3587 delesse
345 3527 443 3588 studio
466 3546 501 3589 ac
527 3528 626 3589 labore
648 3529 836 3592 Aristotelem
857 3530 1011 3610 excerpsit,
1039 3527 1090 3609 qui
1112 3527 1204 3590 latere
1223 3527 1354 3589 Plinium

207 3637 323 3707 poterat
336 3631 423 3691 etiam
439 3630 487 3692 illa
500 3631 590 3710 Trogi
604 3629 745 3711 praescita
758 3627 924 3690 Aristotelis
936 3624 1026 3689 esse?
1048 3626 1130 3699 Quae
1146 3631 1246 3687 autem
1260 3622 1354 3700 §274

209 3745 245 3786 ex
259 3726 325 3806 ipso
341 3728 499 3791 Aristotele
515 3729 653 3802 citantur,
676 3746 737 3791 non
751 3726 850 3788 ornnla
865 3725 942 3806 apud
959 3744 1027 3787 euin
1043 3723 1353 3803 nunocourperinrue,

209 3825 260 3886 sed
276 3834 391 3888 tantun]
409 3827 565 3907 locatorem
588 3830 676 3889 vitam
698 3844 755 3888 esse
777 3825 880 3904 colim
898 3824 997 3904 plures
1020 3823 1114 3885 dentes
1136 3842 1165 3903 p.
1182 3820 1242 3884 501
1261 3821 1352 3899 Bw,

209 3925 364 4006 lonyiorem
388 3927 487 4006 quibus
508 3929 539 3987 in
554 3945 644 3988 mortu
658 3925 749 3986 lr'neoc
765 3942 795 4004 p.
812 3922 873 3985 493
889 3923 913 3985 ll
928 3921 983 3999 343
1005 3922 1096 4001 igitur
1107 3921 1138 3984 hi
1154 3919 1277 4002 quidem
1297 3917 1356 3982 loci

209 4025 295 4086 ambo
308 4043 343 4086 ex
355 4024 451 4104 primo
463 4022 538 4084 libro
550 4024 698 4086 Historiae
712 4021 890 4084 Animaliurn
904 4021 971 4083 lecti
983 4022 1070 4084 sunt:
1085 4021 1353 4104 proximus'autettr

210 4121 246 4183 ab
257 4123 293 4184 iis
306 4121 338 4183 in
351 4123 455 4184 eodem
467 4121 565 4202 primo
581 4122 606 4183 is
618 4123 701 4184 locus
715 4130 760 4201 est
772 4138 862 4202 quem
874 4119 988 4201 'l'rogus
1001 4119 1071 4182 adlit
1083 4137 1112 4200 p.
1124 4115 1282 4180 492A84't
1296 4118 1364 4181 lta*

210 4239 267 4301 que
285 4239 338 4298 ego
352 4229 431 4282 certe
443 4228 493 4281 aut
505 4220 584 4282 hunc
596 4228 647 4283 aut
661 4221 725 4283 illos
741 4220 803 4282 suis
819 4216 913 4282 oeulis
928 4227 1079 4300 spectasse
1090 4216 1220 4279 Pllniunn
1232 4215 1357 4279 credere

211 4336 271 4379 non
280 4319 372 4380 valeo.
388 4318 553 4382 Submonet
560 4319 689 4382 Plinius:
704 4338 755 4382 nee
767 4322 902 4382 universo
912 4318 980 4380 ltoec
991 4318 1170 4392 utcrlltror,
1181 4315 1233 4378 secl
1241 4314 1357 4398 eteocle

210 4416 339 4480 etstroot
353 4416 550 4498 (Aristoteles)
571 4419 690 4498 freolse
705 4429 736 4482 et
757 4436 835 4490 reor,
856 4429 882 4481 et
897 4418 981 4498 celeo
1003 4426 1115 4478 tentent
1137 4416 1246 4491 (tonet
1268 4414 1354 4481 eoric
