2902 5040
626 275 823 339 ..g-

234 453 293 515 Sed
315 452 393 514 inter
414 452 577 514 imitatores
600 451 693 532 ipsius
717 451 801 512 Ovidi
824 452 956 513 eiusdem
979 452 1020 513 rei
1047 451 1215 531 exemplum
1236 451 1289 512 tibi

149 571 285 635 promam
317 553 416 614 locum
448 551 525 612 male
559 549 720 612 obscurum
749 570 844 631 neque
871 551 1025 630 indignum
1060 570 1150 630 quem
1187 567 1289 626 emen·

149 653 271 726 demus3
293 649 399 728 legitur
424 649 503 711 enirn
525 649 605 727 Eleg.
628 648 660 710 in
681 648 880 711 Maecenatem
903 650 916 710 1
937 670 964 710 r.
981 649 1020 710 59
1036 668 1100 729 sqq.
1124 650 1160 710 de
1175 649 1289 710 Baccho

149 750 200 830 qui
223 750 312 810 ludos
335 747 487 810 devicerit:

280 861 316 922 Et
338 860 390 920 tibi
413 876 518 920 securo
541 858 698 920 tunicae
721 859 833 919 ssurere
854 861 980 921 solutae:

319 958 361 1018 Te
384 966 456 1037 puto
480 974 645 1035 purpureas
667 965 741 1017 tunc
762 957 899 1019 habuisse
926 957 1013 1019 duas!

278 1059 352 1118 Sum
375 1062 543 1117 memoret
566 1063 645 1117 certe
666 1056 791 1117 memini
813 1056 856 1116 sio
880 1057 987 1118 ducere
1015 1058 1165 1135 thyrsos

321 1154 461 1216 Bracchia
485 1172 631 1233 purpurea
646 1153 817 1215 candidiora
840 1154 915 1216 nive.

279 1254 316 1314 Et
338 1253 392 1314 tibi
415 1253 570 1331 thyrsus
593 1260 656 1312 erat
678 1253 803 1331 gemmis
826 1260 948 1314 ornatus
975 1272 1036 1332 eqs.

276 1353 435 1432 Argentata
457 1358 524 1413 tuos
548 1351 637 1413 etiam
660 1351 793 1412 talaria
822 1352 896 1412 talos

324 1450 489 1511 Vinxerunt
511 1457 600 1523 certe,
623 1446 679 1513 nec
702 1457 784 1529 puto,
808 1450 929 1524 Bacche,
952 1467 1052 1528 negas.

150 1587 223 1647 Vide
252 1586 384 1646 colorum
416 1585 543 1645 duorum
566 1583 596 1643 in
620 1601 645 1642 v.
666 1580 705 1641 62
729 1582 854 1644 alterum
877 1601 1061 1662 purpureum
1083 1603 1237 1664 perperam
1258 1587 1294 1647 ad

151 1684 246 1746 nivem
271 1690 407 1745 tractum.
444 1683 546 1760 ltaque
562 1681 790 1761 Oudendorpius
810 1686 1036 1762 praeparandae
1059 1684 1192 1757 coniecit,
1214 1686 1294 1745 Bur-

151 1803 278 1846 mannus
308 1783 354 1843 ocl
375 1800 455 1861 patro
483 1785 561 1854 nioc,
592 1800 650 1860 quo
680 1789 806 1860 utroque
835 1782 877 1842 nti
905 1780 1006 1841 nolim.
1043 1782 1165 1844 Effictus
1195 1792 1295 1863 aperte

150 1889 334 1963 pentameter
361 1901 396 1941 ex
425 1880 565 1940 Ovidiano
589 1879 646 1939 isto
668 1878 783 1957 (Amor.
810 1878 849 1939 111
877 1880 905 1951 7,
934 1875 980 1954 8y:
1016 1880 1139 1942 Baccho
1165 1880 1295 1943 Sithonio

151 1986 318 2048 candidiora
346 1988 425 2056 na'oe,·
452 1984 503 2044 sed
537 1998 682 2062 reponere
710 1981 838 2043 Sithonio
860 1999 922 2042 non
950 1983 1081 2055 audebis,
1116 1999 1213 2060 neque
1243 1989 1295 2042 aut

150 2086 275 2147 Paconio
314 2091 366 2144 aut
402 2081 506 2143 similia
546 2079 699 2142 iuvabunt.
764 2080 845 2141 Viam
886 2081 1063 2142 emendandi
1096 2080 1294 2140 Buechelerns

152 2183 284 2245 ostendit
323 2181 507 2259 coniungens
542 2179 643 2241 ducere
676 2180 793 2258 tbprsoc
834 2180 951 2241 brochlo
980 2184 1161 2260 pampineam
1198 2197 1295 2257 neque

151 2283 231 2344 enim
266 2280 362 2342 nivern
398 2279 531 2340 decorari
570 2278 712 2339 adiectiro
745 2295 867 2338 necesse
894 2279 951 2338 fuit
983 2287 1016 2340 ut
1049 2279 1125 2358 apud
1158 2277 1294 2338 Ovidium

152 2387 212 2443 est:
241 2384 306 2439 nive
341 2377 553 2439 ooaada'da'oridus
579 2381 657 2456 equis
689 2375 756 2436 Met.
786 2376 862 2447 Vlll,
892 2376 961 2438 373.
1004 2378 1065 2438 lam
1095 2395 1162 2438 vero
1194 2383 1294 2437 atten-

153 2477 283 2539 dendum
306 2483 352 2535 est
374 2481 451 2536 stare
474 2493 560 2555 posse
584 2493 621 2534 ne
644 2474 753 2552 thyrsos
783 2474 918 2553 quidem3
946 2494 1013 2537 nam
1041 2477 1072 2536 in
1095 2476 1148 2536 ista
1171 2483 1295 2536 ornatus

153 2574 283 2638 Bacchici
306 2572 501 2651 descriptione
524 2591 577 2651 per
592 2572 698 2650 gradus
722 2580 819 2633 certos
840 2583 1047 2635 memorantur
1068 2594 1094 2636 v.
1115 2575 1156 2635 59
1178 2574 1295 2634 tunicae

153 2675 275 2744 solutae,
290 2690 316 2731 v.
333 2672 373 2733 63
389 2671 507 2750 thyrsus
524 2679 656 2744 ornatus,
678 2690 705 2731 v.
723 2670 761 2730 65
786 2681 934 2748 argentata
950 2672 1049 2733 talaria
1122 2673 1221 2753 itaque
1244 2674 1295 2753 qui

153 2773 253 2852 thyrso
276 2770 450 2832 antecedere
473 2776 600 2847 possunt
621 2769 679 2848 ipsi
700 2771 795 2849 thyrsi
817 2770 942 2831 brachiis
965 2768 1070 2831 ducti?
1099 2774 1194 2850 Atque
1220 2791 1296 2851 quo-

153 2871 243 2932 modo
270 2888 378 2949 quaeso
408 2868 495 2928 deum
528 2867 661 2946 quamvis
691 2868 926 2946 omnipotentem
956 2869 1073 2948 thyrsos
1099 2889 1199 2948 gerere
1230 2889 1296 2931 cro-

153 2972 205 3032 das
236 2968 412 3048 complures,
446 2984 507 3027 non
541 2963 659 3027 unum?
693 2967 834 3027 nimirum
868 2985 991 3046 prorsus
1032 2968 1085 3030 alia
1112 2987 1159 3028 res
1190 2976 1235 3028 est
1264 2969 1295 3029 in

153 3068 278 3147 Priapeo
301 3065 362 3139 XX,
386 3065 436 3127 ubi
460 3065 546 3126 Liber
560 3083 632 3126 sane
646 3069 792 3127 committit
802 3065 914 3145 proelio
927 3066 1031 3144 thyrsis
1047 3067 1113 3145 quia
1130 3076 1229 3146 aperte
1245 3087 1297 3129 oo-

154 3167 242 3229 mites
254 3166 342 3227 simul
354 3164 523 3242 cogitantur
534 3163 698 3243 thyrsigeri,
712 3165 789 3243 quod
803 3172 904 3227 tamen
921 3173 1022 3226 nostro
1034 3163 1098 3225 loco
1110 3166 1174 3226 lieri
1184 3167 1296 3245 nequit.

154 3266 257 3344 Neque
280 3264 407 3343 denique
430 3262 563 3342 thyrsum
587 3264 695 3323 ducere
724 3261 852 3324 brachiis
875 3264 968 3341 magis
996 3270 1098 3342 aptum
1121 3271 1185 3325 erat
1207 3283 1297 3344 quam

155 3363 299 3425 manibus.
344 3361 509 3422 Gerebatur
531 3378 620 3423 manu
651 3379 708 3422 una
733 3369 763 3422 et
790 3360 912 3441 quidem
942 3361 1057 3431 dextra,
1085 3362 1121 3421 cf.
1148 3362 1297 3441 Euripidis

72 3454 76 3460 ¹
155 3462 257 3524 Bacch.
283 3480 309 3520 v.
325 3459 403 3520 943.
447 3461 507 3520 lam
530 3459 650 3539 inquire
672 3467 767 3520 totum
792 3459 938 3525 distichon
960 3460 1029 3539 quid
1054 3459 1110 3520 sibi
1136 3461 1219 3533 velit3
1243 3463 1296 3522 do-

155 3559 269 3622 ceberis
293 3556 549 3619 antecedentibus:
573 3577 634 3618 non
657 3577 756 3632 unam,
781 3559 831 3619 sed
848 3559 920 3620 duas
944 3559 1059 3619 tunicas
1080 3559 1190 3620 habere
1215 3560 1296 3620 vide-

155 3659 241 3720 batur
264 3654 408 3717 Bncchus!
444 3656 517 3716 mira
544 3675 592 3717 res
614 3663 644 3715 et
666 3675 741 3734 quae
763 3655 851 3716 scribi
875 3675 936 3717 non
959 3656 1090 3735 potuerit
1112 3657 1170 3717 nisi
1190 3678 1297 3738 seque-

154 3758 241 3818 batur
263 3754 433 3833 explioati03
456 3754 558 3816 adesse
581 3753 802 3834 explicationem
827 3754 972 3815 indicatur
994 3755 1056 3834 ipsa
1078 3755 1221 3834 particula
1242 3761 1296 3829 sic;

157 3854 257 3934 itaque
280 3871 334 3931 pro
358 3860 438 3913 certo
462 3851 555 3915 habeo
578 3853 722 3932 scriptum
746 3853 851 3913 luisse:

294 3965 339 4024 'le
362 3972 434 4043 puto
459 3982 622 4043 purpureas
645 3972 716 4025 tnnc
738 3964 876 4025 hahuisse
898 3963 980 4025 duas.

257 4063 343 4142 [Sum
367 4065 545 4142 memoret]
575 4071 653 4124 certe
682 4063 805 4124 memini
832 4062 874 4123 sio
896 4062 1004 4123 ducere
1033 4082 1154 4141 syrma

299 4161 420 4222 Brachia
442 4178 670 4240 purpureum
693 4160 862 4222 candidiora
885 4160 959 4221 nire.

157 4286 259 4365 Syrma
283 4286 411 4363 longum
430 4294 460 4346 et
482 4287 613 4380 amplum
629 4287 670 4348 ita
685 4286 812 4348 brachiis
835 4287 953 4348 ducitur
975 4288 1058 4364 quasi
1075 4286 1181 4365 duplex
1197 4288 1297 4349 tunica

157 4384 210 4444 sit:
243 4385 351 4463 cogites
376 4386 614 4464 Sardanapallon.
669 4386 799 4446 Audlunt
828 4385 940 4447 scilicet
968 4386 1145 4447 bacchantes
1169 4381 1297 4446 ἑλκεσί-
