2902 5040
610 306 829 369 „27-

149 488 180 548 in
204 483 452 548 antecedentibus
476 500 622 562 nusquam
645 489 807 562 comparet.
853 481 939 554 Quod
966 481 992 542 si
1014 479 1207 560 probabiliter
1228 482 1292 543 loco

150 583 281 646 indicato
312 584 489 647 lacunosum
514 581 702 645 intervallum
729 578 903 651 statuimus,
937 588 967 642 et
993 580 1042 659 qui
1072 579 1135 641 eius
1163 579 1293 642 ambitus

149 682 240 745 fuerit
263 690 293 743 et
316 699 391 760 quae
414 679 551 742 materies
574 697 655 741 nuuc
680 697 743 740 non
767 686 811 738 est
834 696 893 756 quo
917 677 1122 739 diiudicemus.
1157 713 1194 720 —
1230 679 1292 739 lam

152 801 219 842 vero
241 780 332 842 trium
355 779 473 839 illorum
501 778 636 839 locorum
663 777 713 856 qui
739 775 878 856 piscatori
905 775 1027 837 ultimus
1062 774 1146 837 nobis
1178 777 1293 856 primus

152 879 197 941 sit.
242 879 284 940 lta
306 875 442 957 proferre
466 895 533 938 eum
556 874 719 937 editoribus
741 872 851 955 placuit
872 877 912 950 (v.
936 873 976 935 90
990 876 1062 955 sq.):

250 1016 330 1078 Num
355 1016 425 1077 vada
448 1013 584 1077 subnatis
606 1015 666 1075 imo
689 1013 852 1105 viridantur
874 1013 909 1074 ab
931 1012 1031 1074 herbis
1104 982 1108 997 ¹

251 1112 446 1194 Obieotetque
469 1131 567 1175 moras
589 1120 620 1174 et
642 1111 737 1174 mollis
761 1110 865 1172 vestiat
886 1111 957 1191 alga.

150 1263 218 1326 Non
239 1263 395 1326 credebam
420 1281 474 1343 ego
498 1264 637 1344 equidem
667 1263 815 1344 hodieque
840 1263 995 1343 hucusque
1025 1263 1130 1324 llorere
1160 1261 1295 1343 interpo-

150 1362 292 1424 lationem
325 1370 377 1424 aut
408 1370 526 1424 1111111
557 1363 653 1425 valere
686 1361 805 1423 arbitria
838 1360 1012 1423 levissima..
1039 1362 1132 1440 Alga
1166 1359 1294 1420 mollis

151 1459 321 1522 obiectat
344 1494 383 1505 -
406 1461 525 1522 hoeest
546 1460 668 1522 affert
689 1460 735 1521 vel
757 1457 925 1521 111111-
951 1477 1067 1520 moras
1089 1493 1132 1502 -—
1153 1454 1296 1520 cuinam?

150 1556 278 1638 piscanti
293 1576 331 1619 an
345 1555 442 1637 pisoi‘l
456 1591 492 1602 -—
521 1566 559 1619 et
580 1557 754 1620 vestit-
778 1555 964 1637 quemnam?
987 1575 1113 1637 quaes03
1147 1557 1296 1617 iterumne

151 1652 342 1735 piscantem?
375 1673 411 1716 an
434 1652 570 1736 piscem?
600 1674 637 1717 an
661 1655 760 1735 potius
781 1652 917 1735 lapides?
950 1655 1119 1734 imaginatio
1144 1655 1297 1734 desperat3

150 1753 258 1816 sedin
280 1753 414 1833 margine
436 1756 561 1816 tortasse
583 1753 711 1835 scriptor
731 1752 858 1832 lapidem
882 1753 1064 1834 adpinxerat
1109 1752 1297 1815 111111111-

150 1850 266 1914 tionem
288 1850 392 1912 saltem
410 1853 493 1913 ¹banc
513 1849 638 1920 subiecti
660 1850 754 1912 mollis
776 1851 843 1932 aluo
871 1852 917 1912 vel
939 1852 1053 1931 optima
1076 1852 1134 1913 lide
1158 1850 1296 1912 traditam

150 1951 277 2013 tolerare
310 1967 372 2012 non
404 1948 551 2012 debebant
584 1949 615 2011 in
644 1950 734 2011 latino
767 1959 864 2031 poeta,
899 1950 952 2011 sed
984 1948 1142 2029 periclitari
1174 1946 1296 2010 talibus:

151 2040 289 2110 Obiectet
317 2047 508 2128 mollisque
541 2065 638 2109 moras
665 2057 695 2110 et
722 2049 827 2110 vestiat
853 2049 952 2128 alga,
987 2059 1021 2110 ut
1053 2046 1298 2108 nanciscerentur

150 2146 283 2220 tandem,
306 2145 405 2210 moras
428 2146 498 2226 quid
522 2144 627 2207 fuisset
649 2145 728 2226 quod
752 2146 920 2209 obiectaret.
957 2146 1092 2227 Denique
1113 2145 1297 2206 locutionem

151 2247 291 2308 obsonare
312 2262 409 2306 moros
435 2262 495 2324 quo
517 2243 671 2305 firmarent
699 2243 747 2305 rix
772 2244 914 2305 tenebant
943 2243 1119 2325 exemplum.
1164 2241 1298 2305 Tradidit

152 2341 328 2424 antiquitas:
367 2341 535 2422 oblectetque
568 2360 665 2404 morus
697 2353 724 2403 et
752 2343 834 2404 molli
870 2346 975 2405 seruiet
1008 2343 1098 2422 cipue.
1156 2341 1297 2420 llenigne.

150 2442 225 2504 Nam
252 2440 344 2503 istud
361 2439 500 2503 oblectere
533 2441 601 2502 licet
628 2440 746 2502 obtrudi
773 2440 875 2502 Ouidio
910 2441 957 2501 vix
984 2448 1094 2521 posset,
1127 2450 1228 2502 tamen
1261 2458 1297 2500 ex

149 2538 340 2622 apertissima
367 2539 451 2600 fluxit
483 2538 568 2599 Ovidi
600 2539 768 2600 imitatione
801 2539 853 2618 qui
885 2540 1044 2620 scripserat
1071 2538 1159 2601 Trist.
1189 2540 1221 2613 V,
1247 2539 1295 2611 12,

153 2642 186 2701 1:
213 2639 306 2701 studio
329 2637 468 2699 oblectere
489 2647 605 2717 ternpus,
637 2654 765 2716 quocum
789 2638 902 2717 optime
930 2639 1060 2700 concinit
1088 2638 1166 2718 quod
1190 2637 1295 2698 lulium

151 2737 326 2816 Paelignum
349 2736 430 2799 iners
453 2736 546 2799 otium
571 2737 732 2798 oblectasse
749 2737 972 2798 conversatione
994 2755 1165 2798 scurrarum
1177 2736 1296 2797 Tacitus

150 2834 222 2898 dicit
248 2833 488 2908 1111149.
533 2835 635 2914 ltaque
662 2834 729 2914 quia
757 2834 863 2895 tradita
896 2834 983 2897 verba
1010 2854 1077 2896 esse
1106 2852 1176 2896 sana
1205 2852 1296 2897 sanus

150 2933 279 3014 quisque
300 2933 450 3011 intellegat
472 2951 594 2994 necesse
617 2940 673 3005 est,
696 2931 832 3012 sequitur
854 2940 887 2995 ut
909 2933 994 2995 foede
1016 2933 1063 2994 hic
1085 2950 1204 3013 quoque
1227 2952 1295 2993 mu-

150 3032 252 3105 tilatus
274 3031 356 3094 locus
379 3032 435 3107 sit3
456 3031 606 3095 intercidit
627 3050 739 3094 nomen
762 3033 827 3094 eius
856 3031 907 3111 qui
931 3040 961 3093 et
990 3050 1088 3094 moras
1117 3031 1245 3094 oblectet
1267 3039 1298 3093 et

151 3129 232 3213 algae
253 3128 370 3204 serviat,
392 3128 450 3190 hoc
471 3137 518 3190 est
539 3128 627 3209 piscis
649 3147 761 3191 nomen
784 3129 864 3192 iuter
885 3131 958 3192 vada
981 3130 1136 3193 viridantia
1157 3130 1293 3192 viventis.

151 3217 252 3308 Atque
278 3228 352 3291 tales
380 3244 452 3293 sane
479 3228 576 3307 pisces
605 3227 678 3309 quin
701 3227 764 3288 noti
791 3227 904 3290 fuerint
934 3227 1068 3290 dubitare
1091 3228 1169 3304 uolir
1200 3247 1297 3309 neque

152 3325 233 3390 enim
249 3314 470 3391 'documentum
492 3327 607 3390 adicere
640 3326 688 3388 hic
709 3327 805 3406 placet
826 3332 946 3406 praeter
975 3327 1071 3389 nostri
1098 3327 1192 3406 ipsius
1214 3327 1296 3406 frag·

152 3424 249 3490 menti
269 3443 295 3487 v.
321 3421 392 3498 119,
414 3424 465 3487 uhi
485 3424 613 3503 piscium
635 3425 800 3491 multorum
814 3415 997 3486 enumeratio
1017 3423 1169 3487 inducitur
1183 3424 1295 3488 indice:

151 3522 273 3587 lerose
289 3524 379 3602 prices
398 3521 545 3605 laeteretur
565 3536 665 3594 ureae,
687 3534 719 3586 ot
733 3541 832 3586 scenos
854 3540 914 3603 eqs.
959 3523 1040 3584 luter
1060 3541 1136 3603 quos
1151 3523 1296 3586 heluones

152 3620 286 3684 marinos
307 3619 564 3684 luxuriosissimus
585 3621 678 3683 fuisse
701 3621 817 3683 videtur
833 3620 974 3683 cinaedus
991 3640 1080 3700 quem
1096 3617 1297 3704 Opidppova

152 3727 239 3791 vocat
260 3717 413 3798 Oppianus
434 3717 498 3781 Hal.
520 3718 542 3796 1,
567 3717 636 3779 127.
683 3718 742 3781 Sed
772 3717 958 3798 intercidisse
983 3737 1101 3782 versum
1132 3721 1221 3783 etiam
1243 3721 1298 3786 bac

153 3817 301 3891 evincitur
321 3817 451 3879 ratione:
485 3816 566 3878 inv.
590 3816 629 3878 90
653 3817 819 3880 viridantur
847 3816 919 3879 vada
945 3805 1017 3895 111,·
1050 3819 1102 3881 sed
1130 3822 1187 3881 imo
1215 3820 1296 3882 nullo

153 3916 243 3980 modo
264 3933 320 3995 pro
341 3917 374 3977 aie
393 3917 459 3976 imai
480 3915 526 3975 vel
547 3919 607 3978 imo
628 3916 765 3996 usurpari
780 3923 896 3996 poterat
917 3916 1069 3996 adfuitrue
1084 3917 1170 3997 plane
1185 3936 1297 3979 nomen

152 4013 253 4096 ipsum
275 4011 324 4075 cui
345 4012 487 4075 ablativus
520 4013 569 4076 ille
596 4013 802 4086 addiceretur,
835 4013 865 4076 id
893 4015 972 4094 quod
1002 4030 1042 4076 ne
1069 4015 1144 4094 fugit
1176 4017 1296 4095 quidem

153 4112 335 4192 interpretes
355 4118 478 4172 veteres.
523 4109 690 4190 legebatur
716 4120 768 4174 aut
789 4115 846 4174 imo
867 4113 958 4192 feodo
980 4112 1106 4190 Vergilio
1129 4114 1203 4175 duce
1225 4116 1297 4176 111.

154 4209 190 4283 ll,
210 4208 274 4271 419
303 4215 380 4298 111,
404 4208 482 4289 quod
511 4207 668 4271 volubilius
699 4219 759 4284 est,
788 4215 844 4273 imo
870 4214 981 4290 perpete
1014 4211 1138 4273 ducibus
1173 4212 1297 4290 Vergilio

155 4309 226 4372 den·
249 4308 298 4379 ΙΙΙ,
323 4306 381 4370 421
407 4316 438 4369 et
460 4306 564 4369 Ouidio
586 4308 663 4369 Fast.
685 4308 734 4383 111,
757 4308 828 4370 591.
872 4308 985 4382 Quibus
1007 4309 1162 4388 perpensis
1177 4310 1218 4371 ita
1232 4311 1297 4372 iere

156 4415 312 4479 contexere
332 4407 429 4469 locum
452 4407 534 4470 bunc
549 4406 723 4469 debebimus
746 4411 797 4484 (ne
810 4407 888 4471 forte
902 4409 990 4472 talem
1006 4408 1186 4471 sententiam
1201 4410 1297 4490 qualis
