2902 5040
560 297 783 360 ...21-

96 474 221 536 modum
244 474 430 535 adstructam
454 474 651 536 accusativum
668 475 851 547 ostenderit3
875 473 973 536 rideas
995 474 1069 537 Aen.
1084 476 1158 550 Vlll,
1171 478 1242 551 454,

95 571 376 651 beorgum-1713
398 579 487 652 atque
512 590 583 634 casu
598 578 735 652 pergrato
758 573 869 634 ledum
893 579 938 634 est
959 581 994 634 ut
1015 575 1092 654 apud
1115 577 1242 638 eundem

95 671 131 732 in
151 671 226 733 baec
246 670 449 733 incideremus
472 677 640 750 quaesunt
662 671 735 731 Aen.
758 669 809 744 lX,
831 688 857 731 v.
882 668 959 731 399:

111 774 134 817 ,a
176 772 220 813 w„
418 794 421 800 -

94 872 188 920 m!
226 900 230 909 ‚
263 894 266 901 ⁴
498 840 537 884 an
560 841 623 885 sese
646 823 760 884 medios
784 825 945 886 moriturus
967 823 999 885 in
1021 841 1106 886 enses

107 916 161 1020 ᾖς’,
197 919 310 1007 luiprat
333 929 364 985 et
383 921 539 1003 pulchram
562 929 735 1004 properet
756 939 811 1001 per
833 921 953 984 vulnera
976 931 1140 984 mortem.

96 1073 343 1152 lude-properum
357 1087 437 1133 more
457 1072 535 1150 apud
550 1071 689 1133 Ovidium
700 1071 789 1134 Trist.
805 1073 853 1145 Ill,
870 1071 898 1143 3,
915 1071 965 1134 34.
998 1073 1132 1134 Indidem
1156 1073 1242 1137 Ovidi

99 1162 286 1232 irllilatbrdm'
303 1170 414 1231 itemm
437 1170 468 1230 ni
489 1168 574 1231 lallor
595 1169 747 1250 intelleges
770 1186 832 1232 non
855 1171 1019 1250 neglexisse
1041 1168 1214 1252 Vergiliana.

181 1310 224 1373 Ile
246 1328 319 1390 apro
342 1309 481 1372 scribitur
504 1329 529 1369 v.
553 1311 594 1372 60
609 1328 672 1391 sq.:

197 1422 287 1484 Actus
310 1439 381 1503 aper
403 1420 490 1482 saetis
512 1419 585 1482 iram
610 1421 767 1484 denuntiat
788 1422 875 1485 hirtis

197 1521 234 1582 Et
255 1520 316 1582 ruit
338 1508 467 1600 oppositi
491 1518 587 1581 nitens
610 1519 640 1582 in
666 1520 786 1584 vulnera
809 1521 881 1583 lerri

196 1619 320 1681 Pressus
343 1628 372 1693 et
395 1618 504 1680 emisso
527 1605 655 1680 moritur
676 1637 730 1700 per
751 1619 860 1681 viscera
883 1611 957 1682 telo(

97 1749 287 1830 Participium
310 1754 402 1812 nitens
423 1758 470 1811 ter
492 1748 570 1828 apud
584 1749 732 1810 Nasonem
754 1749 852 1811 inveni
868 1749 936 1811 Met.
960 1749 1006 1823 lV,
1022 1749 1103 1827 3613
1123 1750 1172 1824 lx,
1185 1752 1240 1828 503

95 1849 216 1933 X4085
240 1849 347 1929 quibus
362 1847 435 1909 loeis
458 1848 634 1931 comparatis
657 1855 760 1909 nostro
782 1848 847 1910 loco
871 1848 982 1911 senties
1003 1849 1129 1911 fortasse
1156 1852 1241 1931 quasi

29 1953 31 1958 '
95 1934 174 2031 iners
204 1945 282 2025 illud
319 1944 376 2024 legi
414 1952 444 2006 et
480 1949 541 2007 lere
575 1943 741 2021 abundare;
774 1946 910 2008 similiter
932 1947 1114 2027 Vergilianus
1142 1950 1241 2032 potius

94 2042 176 2107 locus
193 2045 409 2123 ⁴conformatus
442 2043 490 2104 bic
524 2050 583 2104 est:
615 2047 720 2125 pressit
747 2044 830 2106 bumi
859 2048 953 2108 nitens
992 2049 1063 2109 Aen.
1096 2047 1137 2126 ll,
1168 2046 1240 2109 380.

94 2142 188 2203 Porro
217 2126 272 2203 vox
296 2159 412 2221 pressus
440 2142 697 2221 haerereanceps
724 2142 820 2220 possis
848 2143 917 2222 quid
947 2144 1002 2206 sibi
1032 2145 1115 2220 relit3
1144 2153 1242 2225 potest

93 2238 288 2323 idem'rideri
310 2244 399 2318 atque
421 2255 572 2318 oppressus
595 2238 639 2300 vel
663 2240 856 2320 profligatus,
886 2241 965 2321 quod
995 2261 1030 2303 ex
1057 2242 1161 2305 Ouidio
1189 2244 1242 2305 lir-

95 2357 176 2400 mare
204 2354 321 2417 nequeo
344 2335 395 2397 sed
420 2336 457 2396 ol.
481 2336 586 2415 Vergili
614 2335 685 2398 Aen.
712 2336 760 2407 lx,
784 2334 866 2406 328*
879 2372 922 2382 —-
947 2347 1048 2419 potest
1075 2340 1241 2420 significare

96 2418 265 2498 lacessitum
287 2453 304 2495 a
328 2432 582 2515 persecutoribus3
605 2434 656 2495 sed
679 2441 739 2496 tarn
763 2435 877 2498 nudum
900 2437 1029 2517 positum
1052 2439 1238 2519 participium

96 2554 111 2596 a
133 2533 230 2596 debita
254 2531 393 2594 abhorret
415 2531 574 2610 elegantia3
596 2531 681 2594 aliter
703 2533 811 2595 habere
827 2533 989 2596 Heroidum
1004 2535 1101 2597 locum
1118 2536 1164 2611 1v,
1181 2536 1238 2599 41:

92 2634 251 2725 pressisque
272 2635 303 2693 eiu
325 2635 398 2694 retia
426 2634 515 2692 cervis
536 2629 619 2692 facile
648 2631 807 2713 perspiciet
837 2633 889 2713 qui
915 2633 1004 2694 modo
1031 2634 1138 2713 Vergili
1168 2654 1241 2698 con-

95 2731 196 2817 tulerit
222 2731 327 2811 Georg.
348 2729 396 2802 lll,
421 2729 498 2790 413:
526 2746 638 2809 mentes
667 2729 705 2791 od
728 2734 802 2793 retia
826 2749 951 2803 cunum.
996 2730 1042 2792 llle
1070 2732 1145 2794 duce
1168 2751 1240 2795 con-

94 2830 202 2908 iunges
235 2847 303 2891 oum
336 2827 490 2909 participio
523 2828 681 2890 ablativum
708 2828 762 2890 telo
791 2832 906 2904 emitae,
935 2829 1128 2910 explicatione
1156 2841 1242 2912 post-

94 2926 193 2990 habita
224 2927 323 2989 altera·
376 2925 434 2988 Sed
468 2926 508 2987 ita
542 2924 692 3005 ambigere
725 2926 755 2987 in
788 2926 892 2988 Ouidio
926 2945 987 2988 non
1021 2930 1240 2994 consuevimus.
1293 2955 1298 2967 ·

95 3024 184 3109 Magis
211 3046 280 3088 vero
311 3035 342 3088 et
369 3020 405 3086 ab
437 3022 501 3087 illo
518 3034 548 3086 et
574 3044 590 3087 a
620 3025 699 3087 bono
728 3044 819 3087 sensu
846 3024 970 3088 alienam
999 3046 1065 3089 esse
1092 3028 1239 3091 existumo

95 3125 291 3211 locutionem:
324 3123 411 3186 telum
444 3127 571 3187 emittere
594 3144 649 3206 per
677 3128 794 3188 vuemo.
844 3123 1041 3187 Scribendum
1070 3126 1161 3188 satius
1190 3128 1240 3189 de-

95 3212 204 3311 minoe
229 3223 295 3304 luit.
340 3220 439 3285 Semel
460 3241 532 3284 sane
553 3223 585 3284 in
608 3222 930 3285 Translormationibus
960 3231 1006 3284 est
1027 3223 1089 3295 ΧΙΙ,
1108 3223 1163 3286 84:
1192 3225 1241 3288 Nil

96 3323 192 3384 tomen
220 3324 316 3409 emt'soi
338 3321 464 3404 profecit
494 3326 624 3385 acumine
654 3323 747 3402 ferri,
775 3321 826 3384 sed
855 3338 916 3382 non
942 3320 1055 3383 addidit
1081 3322 1121 3384 ibi
1153 3330 1240 3403 poeta

97 3411 165 3501 quo
194 3412 350 3505 emittatur
376 3421 500 3482 ferrum.
545 3421 609 3483 Hoc
636 3419 717 3481 enim
745 3418 776 3479 in
805 3427 909 3481 natura
931 3419 1057 3480 istorum
1081 3420 1240 3483 verborum

96 3518 226 3596 positum
254 3519 383 3593 videtur,
412 3527 445 3580 ut
474 3518 510 3581 ad
538 3519 749 3582 demissum
776 3515 868 3578 telum
896 3517 1008 3578 mentio
1034 3516 1091 3577 loci
1124 3518 1241 3580 accedat

97 3634 154 3696 quo
181 3616 251 3680 illud
282 3618 494 3702 penetraverit,
524 3619 560 3678 ad
587 3618 764 3679 emissum
791 3616 883 3678 telum
914 3624 965 3677 aut
987 3615 1061 3690 nibil
1079 3623 1135 3697 *eut
1157 3615 1240 3678 locus

96 3714 193 3800 potius
216 3714 295 3775 unde
322 3715 450 3790 venerit3
479 3715 519 3777 ita
540 3715 649 3795 spiculo
673 3717 775 3776 emisso
800 3732 890 3776 manu
912 3712 1172 3798 apudVergilium
1196 3721 1241 3776 est

96 3811 168 3874 den.
200 3809 254 3884 XI,
284 3810 356 3885 676,
394 3818 496 3876 emisso
527 3812 609 3874 basto
649 3812 756 3873 ibidem
785 3810 827 3885 X,
860 3809 938 3886 4743
975 3811 1111 3885 similiter
1148 3816 1244 3874 emissi

98 3911 203 3992 laquo
233 3912 350 3973 semidei
376 3913 452 3991 apud
483 3911 617 3973 Ovidium
646 3911 715 3972 Fast
742 3909 796 3983 111,
821 3907 900 3983 3233
933 3908 972 3970 cf.
1001 3908 1070 3970 ltlet.
1099 3909 1136 3982 V,
1168 3907 1239 3971 321.

97 4009 210 4070 Tamen
232 4010 321 4071 etiam
342 4009 410 4071 talia
432 4010 574 4072 nimirum
596 4010 693 4071 dicere
712 4008 833 4070 licebat:
856 4010 980 4069 emittere
998 4008 1133 4086 infame
1159 4009 1240 4068 domo

96 4111 126 4168 in
159 4125 250 4168 coros
287 4106 353 4168 blet.
389 4107 450 4181 XV,
481 4107 542 4168 220
576 4115 607 4169 et
639 4107 813 4187 simplicius
834 4097 938 4188 agnum
963 4124 1070 4167 nocuos
1096 4109 1185 4167 embol
1209 4110 1241 4168 io

98 4222 185 4266 ouras
210 4203 277 4265 blet.
306 4204 349 4265 Vl.
373 4204 435 4267 398
466 4212 554 4286 atque
582 4206 670 4267 etiam
698 4209 821 4268 emittere
847 4204 959 4267 bustum
978 4208 1016 4266 in
1041 4222 1132 4266 curos
1159 4205 1239 4284 quod

97 4303 203 4382 Vergili
226 4311 271 4364 est
293 4303 366 4365 ben.
381 4305 429 4377 lx,
454 4305 511 4380 523
535 4323 632 4385 neque
656 4305 735 4368 enim
759 4295 877 4366 inistis
907 4306 987 4368 loeus
1011 4303 1156 4383 cogitatur
1179 4306 1241 4383 quo'

96 4418 142 4462 res
175 4401 325 4476 mittatur,
354 4404 405 4464 sed
428 4404 509 4483 regio
538 4404 745 4466 tantummodo
773 4410 803 4464 et
831 4403 875 4465 via
901 4422 958 4483 qua
986 4402 1134 4475 mittatur,¹
1153 4403 1240 4466 sicuti
