2902 5040
544 306 766 370 ..45-

75 490 194 547 niueum
209 486 308 546 Paron
326 483 470 555 exhibeat,
494 481 599 543 deinde
619 500 653 542 ex
675 481 739 559 ipso
755 480 881 558 Vergilio
903 487 1023 557 sumpta
1046 479 1147 539 viridis
1162 476 1224 538 Do-

76 603 164 655 nusa,
188 584 318 663 deniqne
332 582 440 661 depioo
455 581 504 656 (cf.
521 580 606 642 Ovidi
621 599 648 640 v.
665 579 727 640 472
739 581 816 658 sqq.)
841 587 870 639 et
890 577 1022 657 Seriphos
1042 577 1225 653 semeoa'soro

76 701 148 745 cum
172 682 250 762 apud
273 681 422 743 Nasonem
443 679 534 760 plooo
548 678 680 757 Seriphos
703 678 749 739 sit.
787 677 847 738 lem
871 694 938 738 vero
964 676 1040 737 sicut
1062 675 1099 735 ad
1115 675 1224 737 Parum

78 780 297 860 designandum
321 779 408 841 unice
432 785 535 857 aptum
562 795 693 838 marmor
721 776 788 847 fuit,
816 775 852 835 ad
877 775 1024 835 Cimolum
1052 782 1131 836 crete
1158 771 1225 852 (tri-

76 880 195 941 tissima
218 880 291 941 baec
312 887 392 940 crete
413 877 526 938 Plinio:
550 876 588 937 cl.
604 875 708 936 XXXV
727 874 785 935 195
796 893 860 954 sqq.
882 873 936 935 XX
951 872 1012 933 212
1028 872 1093 933 XXl
1112 871 1171 934 138
1194 879 1224 932 et

77 978 163 1039 locos
184 978 308 1057 plures),
330 976 407 1039 sicut
422 975 489 1037 blct
505 975 569 1036 Vlll
584 974 646 1036 222
669 974 794 1035 fecunda
817 974 904 1034 melle
934 981 1055 1035 vocetur
1076 971 1224 1051 Calymne,

78 1078 119 1138 ita
141 1076 347 1156 quaerendum
371 1082 416 1136 est
439 1075 553 1135 insulae
569 1074 674 1153 Cytbni
697 1073 768 1153 qnid
793 1073 920 1134 maxime
943 1072 1098 1151 proprium
1122 1070 1224 1144 l'uerit3

77 1178 219 1255 thymum
239 1175 334 1236 fuisse
356 1173 503 1245 nescitum
534 1173 625 1233 scitur
648 1173 721 1244 boc,
753 1189 824 1232 nem
848 1171 924 1251 apud
948 1171 1100 1233 Pollucem
1123 1169 1160 1230 Vl
1183 1168 1223 1231 63

78 1275 160 1334 inter
183 1273 237 1334 alia
252 1273 346 1335 multe
361 1269 453 1354 παρὰ
467 1278 538 1342 τοῖς
553 1268 715 1342 παλαιοῖς
731 1264 967 1350 εὐδοκιμοῦντα
983 1269 1112 1330 occurrit
1135 1269 1224 1330 etiam

78 1368 178 1455 τορὸς
204 1367 353 1443 Κύθνιός
373 1392 408 1432 τε
430 1368 486 1430 καὶ
508 1365 695 1444 Σικελικός,·
717 1366 981 1451 credendorum
1003 1367 1225 1429 memorabatur

79 1471 162 1532 Alexi
184 1478 290 1550 poetae
311 1469 420 1531 Athen.
435 1487 465 1548 p.
483 1468 543 1529 516
558 1468 597 1542 Ε;
618 1467 705 1550 τυρῷ
733 1469 872 1550 Κοθνίῳ
899 1474 1073 1528 contentum
1096 1485 1129 1527 se
1151 1465 1225 1527 dixit

78 1569 226 1648 Epicurus
242 1568 338 1630 Laert.
354 1567 436 1646 lliog.
453 1566 479 1627 X
497 1566 550 1638 11;
573 1584 643 1627 nam
666 1567 776 1646 cytisus
797 1567 902 1646 Cytbni
926 1574 989 1628 erat
1011 1567 1140 1646 indeque
1161 1573 1224 1626 tra-

78 1669 158 1729 latus
180 1668 214 1728 in
236 1684 341 1729 omnes
364 1665 513 1746 Cycladas,
537 1683 644 1744 magno
669 1665 765 1726 casei
788 1673 954 1744 proventu:
978 1665 1053 1725 Plin.
1069 1664 1136 1725 Xlll
1153 1664 1224 1726 134.

78 1766 184 1846 ltaque
211 1766 248 1827 de
274 1766 400 1828 lectione
430 1764 572 1827 Ovidiena
605 1766 664 1826 iam
700 1783 761 1825 non
794 1764 941 1825 dubitabo.
983 1763 1115 1824 Addidiei
1149 1763 1223 1824 duo:

78 1865 145 1926 iam.
163 1864 243 1925 enim
263 1865 315 1927 ubi
329 1865 420 1927 letina
439 1881 496 1924 vox
510 1863 623 1942 (caseo)
638 1863 832 1944 repugnabat,
855 1882 959 1941 graeco
982 1861 1121 1923 vocabulo
1144 1861 1223 1940 quod

80 1962 206 2023 minime
229 1970 489 2043 expectaveremus
511 1962 554 2023 uti
577 1963 685 2024 audere
700 1963 848 2024 Nasonem
868 1962 1027 2034 cernimus,
1051 1960 1130 2021 unde
1153 1978 1225 2020 con-

82 2060 264 2122 cludendum
294 2061 407 2123 videtur
433 2080 496 2122 non
524 2061 620 2122 solum
654 2056 815 2142 βούτυρον
841 2059 936 2139 (apud
966 2059 1082 2120 Celsum
1110 2059 1163 2134 el.)
1195 2067 1225 2119 et

80 2156 296 2241 τοροτάριχος
320 2159 424 2235 (Cicer.
451 2161 487 2221 ad
507 2160 567 2220 Ao.
586 2160 624 2220 lV
644 2159 663 2222 8
687 2169 715 2220 et
737 2159 801 2221 XlV
824 2158 862 2220 16
886 2166 915 2218 et
936 2157 973 2218 ad
994 2157 1226 2232 FamillX163

80 2262 118 2318 cl.
144 2257 223 2336 apud
251 2257 385 2338 Apicium
415 2258 612 2338 tyropatinam
639 2257 688 2319 Vll
713 2258 765 2337 11)
798 2258 931 2318 Romano
965 2257 1152 2319 accomodata
1181 2256 1226 2317 ori

78 2357 175 2418 luisse
197 2357 248 2418 sed
277 2358 374 2436 ipsum
400 2376 520 2437 quoque
551 2353 666 2438 τυρόν,·
697 2357 739 2418 ite
770 2365 803 2419 ut
832 2358 1018 2437 aliquatenus
1053 2374 1224 2436 comparare

80 2475 118 2517 ex
141 2454 246 2517 Ouidio
275 2455 362 2517 beent
394 2457 544 2535 lampadas
576 2464 606 2517 et
637 2456 775 2519 eulaeum
809 2465 839 2518 et
863 2464 1003 2517 craterem
1028 2465 1057 2517 et
1079 2456 1224 2535 pyxidem.

80 2554 197 2615 Deinde
211 2572 281 2616 uero
298 2573 356 2634 quo
379 2554 450 2617 illud
466 2555 553 2615 etiem
569 2555 714 2626 firmetur,
735 2555 892 2616 temerarie
908 2555 1032 2633 insuper
1047 2555 1225 2635 corripuisse

81 2660 204 2733 poetam
232 2653 383 2714 cernimus
410 2653 569 2733 longamv
597 2653 742 2729 vocalem3
773 2653 933 2714 defendere
961 2672 1028 2714 cum
1057 2655 1136 2714 voles
1162 2654 1225 2714 for·
1274 2696 1277 2701 -

81 2759 161 2813 tesse
183 2751 355 2812 Theocriteo
377 2769 463 2812 versu
486 2751 553 2812 158
578 2752 628 2813 ubi
651 2754 731 2814 vocis
745 2748 909 2834 ’τορόεντα
931 2760 1065 2831 correpte
1088 2770 1224 2832 pronun-

80 2849 215 2914 tiandam
247 2869 312 2911 esse
344 2850 483 2929 syllabam
516 2849 643 2930 primam
676 2859 706 2912 et
728 2851 893 2914 Lobeckius
928 2852 964 2912 ad
987 2851 1123 2930 Sopbocl.
1147 2850 1224 2912 diac.

81 2966 110 3027 p.
130 2947 192 3008 184
214 2949 333 3026 agnovit
355 2957 385 3009 ct
400 2948 578 3022 lleinolsius3
601 2950 654 3010 sed
679 2969 766 3011 causa
788 2951 842 3012 alie
867 2951 1016 3022 videlieet3
1040 2968 1097 3010 usu
1112 2949 1225 3009 Roma-

82 3065 192 3107 norum
220 3064 282 3108 non
315 3047 522 3108 transformari
555 3048 620 3109 soni
653 3049 750 3128 graeci
782 3067 844 3110 non
877 3057 1030 3127 poterent,
1063 3048 1147 3108 cuius
1180 3046 1224 3107 rei

81 3145 216 3224 exempla
238 3145 269 3205 in
290 3145 377 3205 huius
401 3145 609 3224 disputationis
632 3147 759 3208 decursu
786 3149 933 3227 praeclare
960 3147 1065 3209 similia
1095 3166 1127 3206 se
1151 3145 1225 3204 offe·

81 3251 161 3304 rent.
194 3243 229 3304 ln
251 3242 346 3304 Plauti
359 3243 419 3304 llil.
434 3245 514 3306 Glor.
529 3264 555 3304 v.
572 3245 612 3304 24
636 3245 685 3306 ubi
707 3250 848 3326 epityrum
870 3254 1051 3308 memoratur
1074 3245 1142 3321 (boc
1164 3253 1224 3304 est:

81 3342 162 3418 quod
185 3341 231 3402 vel
253 3348 321 3419 post
343 3360 461 3403 caseum
484 3342 530 3403 vel
552 3343 587 3403 ad
612 3362 731 3405 caseum
754 3344 937 3424 comedatur)
960 3343 1031 3423 quid
1053 3343 1116 3422 ipse
1138 3349 1225 3423 poete

80 3439 198 3501 dederit
219 3439 374 3501 nonsatis
396 3439 496 3519 liquet.
535 3441 672 3503 Ceterum
696 3442 747 3522 qui
768 3442 973 3521 [brentemaris
998 3442 1093 3520 Syron
1121 3441 1224 3504 Ouidio

81 3536 195 3598 debent
226 3544 256 3599 et
287 3537 342 3617 ipsi
375 3538 538 3599 solemnem
569 3547 649 3601 certe
672 3540 790 3601 Graecis
814 3529 987 3602 mensuram
1021 3540 1223 3620 neglegebant.

81 3636 218 3716 Denique
239 3647 303 3714 tyro
322 3635 400 3698 siout
422 3637 570 3715 singulare
596 3646 650 3711 est,
673 3638 716 3700 rei
739 3645 839 3700 temen
862 3659 923 3700 non
947 3641 1047 3701 minue
1069 3638 1224 3716 singularis

80 3735 252 3814 exemplum
280 3734 408 3797 iniciam.
454 3736 528 3797 Nam
550 3737 582 3797 in
605 3736 773 3799 Horatianis
801 3737 858 3798 illis
881 3737 1020 3816 Depromo
1042 3739 1225 3817 quadrimum

80 3831 207 3905 Sabino,
238 3832 463 3909 OTboliorclce,
491 3854 604 3897 merum
634 3837 711 3897 dioto
733 3837 759 3898 si
779 3836 857 3898 forte
884 3837 963 3897 dioto
990 3836 1021 3897 in
1052 3836 1132 3897 libris
1162 3853 1224 3897 non

81 3931 172 4009 plene
196 3931 363 4008 legeremus
391 3933 443 3994 sed
471 3935 517 3994 vel
540 3935 628 3996 dioro
647 3935 692 3994 vel
715 3935 825 4006 simile,
858 3953 919 3995 non
942 3934 1059 3996 minore
1082 3954 1171 4014 quem
1193 3935 1224 3995 in

81 4028 186 4089 Ouidio
214 4030 333 4093 audacia
361 4049 465 4092 verum
491 4032 667 4110 refingeres:
700 4051 770 4093 nam
799 4051 895 4112 neque
927 4033 959 4093 in
993 4033 1097 4095 litteris
1124 4032 1223 4094 latinis

83 4127 161 4188 dioto
181 4128 308 4190 recurrit
329 4137 359 4190 et
384 4138 484 4191 tamen
508 4149 545 4191 ne
573 4141 653 4192 recte
676 4132 795 4211 quidem
825 4150 927 4209 graece
953 4132 1049 4193 iorma
1076 4139 1121 4192 est
1148 4149 1224 4210 quae

82 4233 134 4287 aut
157 4223 276 4299 δίωτος
297 4227 405 4290 luisset
426 4238 477 4290 aut
499 4226 629 4305 danaim
656 4231 753 4309 itaque
778 4231 886 4292 letinae
909 4230 1144 4299 consuetudinis,
1168 4248 1224 4308 qua

82 4342 187 4403 graece
199 4324 370 4399 violabatur,
382 4327 559 4389 Horatianus
586 4328 669 4389 locus
684 4329 770 4389 testis
782 4348 860 4390 unus
872 4337 902 4390 et
913 4331 995 4391 solus
1007 4336 1066 4389 est:
1085 4328 1121 4388 cl.
1134 4327 1223 4388 lient-

83 4423 174 4485 leium
190 4423 287 4486 earm.
303 4424 315 4485 l
331 4425 359 4495 9,
376 4424 394 4490 8
417 4434 446 4486 et
460 4425 733 4505 Zangemeisterum
748 4427 790 4489 [le
804 4427 875 4489 Hor.
892 4427 1012 4492 vocibus
1033 4425 1139 4505 singul.
1151 4445 1178 4505 p.
1194 4427 1223 4486 7.
