2902 5040
563 311 806 377 -1oa-

109 487 233 569 singulis
254 489 456 568 generibus
472 489 595 552 dicere
610 508 642 551 se
658 489 774 568 negavit
790 489 848 552 nisi
864 490 974 561 alias,
990 508 1071 553 nunc
1085 480 1252 569 insignia

109 589 315 652 tantummodo
331 596 522 661 tractaturus
545 588 601 650 boc
622 588 689 649 libri
712 589 784 655 noni
808 588 906 653 officie
929 609 962 654 ae
985 597 1107 655 naturae
1130 589 1253 654 minime

109 686 319 762 convenience
331 704 429 768 neque
441 687 536 766 aptius
547 687 680 767 proiecto
693 687 817 767 piscium
831 687 1071 766 generesingula
1083 686 1108 749 si
1120 687 1253 758 omnino,

109 785 142 846 in
165 786 386 852 medicinalibus
409 785 490 849 libris
513 785 696 849 dicebantur.
740 785 923 866 Perspicitnr
945 786 1071 849 Plinium
1094 794 1253 866 postquam

110 901 267 947 numerum
291 885 416 964 piscium
440 893 500 947 tam
524 901 664 970 magnum
688 884 776 945 simul
805 893 833 949 et
856 893 917 947 tam
940 885 1112 948 distinctum
1135 897 1253 945 meme·

110 983 192 1055 ravit,
213 984 271 1046 ium
295 985 444 1063 agendum
467 1003 586 1065 quoque
608 983 646 1044 de
668 983 808 1047 omnibus
831 1003 896 1046 esse
918 983 1096 1048 intellexisse
1115 981 1253 1062 scriptori

111 1081 243 1162 diligenti
267 1084 310 1145 uel
334 1085 429 1163 agenti
458 1102 567 1147 severe.
613 1082 698 1157 Quod
728 1098 838 1148 munus
871 1084 997 1146 maxime
1030 1082 1252 1146 incommodum

111 1189 146 1242 ut
173 1181 348 1260 suffugerat,
380 1183 416 1244 ad
451 1192 570 1263 tempus
604 1183 744 1245 lectorem
772 1183 921 1262 posterius
944 1183 1097 1262 produxit,
1125 1181 1178 1245 sed
1201 1198 1254 1260 spe

110 1280 191 1342 falsa.
236 1281 309 1343 Nam
334 1282 477 1345 nimirum
501 1283 592 1344 dicere
615 1282 648 1345 de
670 1281 769 1362 aliquae
790 1298 822 1343 re
844 1281 922 1342 idem
946 1289 992 1343 est
1014 1291 1104 1361 atque
1127 1286 1254 1342 tractare

109 1398 185 1450 rem,
209 1380 250 1440 rei
274 1381 417 1460 explicare
440 1391 587 1443 naturam.
633 1380 783 1459 Nusquam
813 1379 912 1459 itaque
934 1388 1036 1442 retum
1058 1379 1172 1443 Plinius
1192 1378 1253 1439 sol-

111 1479 160 1550 uit,
193 1480 476 1560 quandoquidem
469 1497 499 1540 ΙΙΙ
532 1478 598 1540 libri
631 1478 737 1541 ΧΙΙΙΙΙΙ
775 1479 833 1543 fine
866 1480 904 1540 de
938 1479 1064 1589 piscium
1091 1477 1248 1557 generibus

111 1576 340 1658 haudquaquam
364 1579 456 1640 dicit
479 1577 535 1654 ille,
560 1578 611 1639 sed
636 1577 860 1641 nominatim
892 1588 1010 1641 tantum
1032 1577 1130 1658 pisces
1152 1594 1255 1640 com-

111 1674 222 1755 plecti
245 1695 278 1737 se
300 1677 341 1740 ait
364 1677 600 1756 nominatimque
622 1677 837 1756 complectitur.
1092 1739 1094 1743 .

195 1774 361 1839 Dilucidum
396 1785 545 1856 praeterea
579 1783 626 1839 est
658 1776 683 1836 si
706 1775 819 1839 Plinius
842 1762 882 1837 ΙΙΙ
897 1775 938 1836 43
966 1775 1003 1837 ad
1026 1791 1167 1836 numeros
1189 1772 1255 1833 illos

111 1822 243 1937 diversos
265 1880 327 1936 tres
349 1883 380 1936 et
401 1875 528 1954 piscium
552 1881 581 1936 et
597 1874 732 1937 mollium
753 1882 784 1935 et
800 1875 907 1936 crustis
930 1874 1110 1935 intectorurn
1132 1871 1256 1932 nomina

110 1973 175 2051 ipsa
201 1991 320 2054 quoque
351 1969 488 2056 prompta
519 1983 548 2036 et
571 1984 673 2054 parata
694 1973 731 2035 ab
761 1973 884 2035 eodem
912 1982 1031 2035 auctore
1052 1970 1186 2043 habebat,
1214 1969 1255 2033 ibi

112 2071 233 2133 nomina
267 2093 385 2154 qunque
419 2081 518 2135 exacte
549 2073 642 2136 fuisse
669 2073 796 2137 discreta
824 2092 859 2134 ac
881 2073 1037 2137 distributa
1059 2089 1112 2151 per
1134 2069 1254 2131 eosdem
1291 2100 1293 2104 ,

112 2179 173 2231 tres
196 2171 330 2245 ordinem
359 2174 438 2253 quod
461 2173 528 2253 quia
553 2172 676 2234 minime
700 2173 737 2232 de
757 2172 824 2234 libri
847 2171 953 2235 ΧΙΙΙΙΙΙ
976 2171 1134 2233 ΙΙοΙΙΙΙΙΙΙΙΙΙΙ
1161 2173 1255 2230 tarra-

112 2268 178 2347 giue
201 2272 276 2333 ualet
297 2274 404 2352 partim
428 2272 523 2335 ordini
546 2272 619 2335 nulli
642 2272 747 2352 partim
763 2271 946 2352 alphabetico
961 2271 1138 2351 parentium,
1160 2277 1255 2329 totam

112 2369 188 2433 banc
211 2369 323 2439 Plinius
347 2391 436 2453 quam
458 2372 634 2452 farraginem
659 2370 717 2435 dixi
744 2371 774 2439 in
797 2389 879 2433 nono
901 2371 975 2433 libro
1000 2371 1122 2433 minime
1143 2367 1254 2447 cogita-

112 2467 170 2531 bat.
215 2469 275 2531 lam
300 2471 476 2556 meminerat
498 2471 619 2551 quidem
642 2471 779 2551 promissi
801 2470 847 2534 sui
871 2470 1097 2550 complendique
1123 2466 1254 2548 speciem

111 2569 405 2651 quantulamcunque
428 2570 577 2650 captabat3
612 2569 736 2633 nomina
770 2569 862 2632 multa
891 2569 959 2634 hino
990 2569 1072 2631 illinc
1100 2567 1132 2629 iu
1160 2581 1254 2629 unum

111 2666 294 2741 coniciebat3
317 2668 368 2731 sed
391 2668 493 2730 lalsam
509 2669 585 2732 hanc
606 2668 824 2749 speciem'eese
846 2668 909 2748 ipse
932 2667 1067 2728 conscius
1089 2666 1163 2728 luit:
1186 2665 1254 2727 ideo

110 2767 293 2846 perscienter
315 2767 470 2831 distinctos
499 2785 642 2829 uumerus
655 2766 770 2829 LXXIV
793 2775 822 2828 et
844 2766 894 2829 XL
917 2774 946 2829 et
968 2764 1049 2829 XXX
1070 2765 1201 2846 primum
1223 2763 1255 2824 ΙΙΙ

112 2883 200 2929 unam
222 2884 373 2929 summam
396 2865 507 2929 cxciv
530 2873 697 2929 contractos
719 2865 883 2945 proposuit,
915 2865 1022 2929 deinde
1052 2883 1119 2925 uero
1153 2861 1257 2923 nemi-

111 2981 183 3033 num
217 2965 328 3028 nubem
360 2965 585 3027 innumerorum
616 2965 679 3026 iere
708 2964 821 3025 lassatis
849 2964 993 3026 lectorum
1017 2963 1110 3024 oculis
1132 2959 1256 3033 obiecit;

112 3081 210 3145 neque
242 3064 298 3127 ista
332 3065 407 3127 male
440 3064 466 3126 ei
495 3063 585 3126 cessit
610 3063 701 3125 iram.
747 3063 886 3125 Ceterum
917 3058 1253 3151 centumquadraginta

35 3159 38 3167 ’
112 3172 251 3244 quattuor
273 3164 368 3244 pisces
391 3182 457 3226 csse
482 3174 512 3225 ut
533 3162 666 3225 isidorus
688 3161 758 3226 hinc
780 3161 902 3241 accepit,
932 3160 972 3224 ita
996 3159 1084 3221 etiam
1108 3157 1257 3237 Hierony-

112 3280 194 3327 mum
217 3263 299 3326 bunc
321 3263 397 3325 Plini
427 3263 524 3327 locum
554 3261 717 3340 inspexisse
741 3260 916 3325 crediderim
941 3260 1040 3341 quode
1063 3277 1112 3321 me
1135 3256 1258 3318 monuit.

112 3362 323 3442 elegantissima
346 3361 469 3425 Useneri
493 3360 627 3423 doctrina
650 3359 705 3420 uiri
728 3359 881 3425 clarissimi
903 3378 936 3421 ac
961 3376 1027 3421 meo
1051 3355 1153 3419 nescio
1181 3372 1256 3429 num

111 3478 212 3523 amore
235 3461 327 3538 magis
348 3479 386 3523 an
409 3459 603 3524 admiratione
627 3459 800 3531 venerandi3
837 3458 1031 3537 Hieronymus
1062 3455 1143 3518 enim
1166 3453 1256 3517 dem·

115 3568 203 3625 ment.
230 3560 261 3622 in
285 3559 429 3623 Ezechiel.
445 3558 507 3621 XIV
525 3558 721 3634 47·(Vallarsi
744 3559 788 3620 ed.
811 3559 899 3621 altera
923 3557 979 3620 cv
994 3574 1024 3637 p.
1039 3554 1115 3635 595)
1138 3553 1255 3634 scripsit

112 3658 200 3719 haee:
224 3658 390 3730 „Dominus
413 3658 496 3721 iesus
518 3661 609 3720 cerdic
631 3659 670 3719 od
690 3677 736 3723 me
757 3659 914 3737 etfaciam
935 3674 985 3721 eos
998 3659 1150 3736 piscatores
1164 3653 1256 3715 domi·

111 3776 200 3832 enm3
233 3757 273 3821 de
303 3758 411 3837 quibus
438 3766 467 3821 et
498 3757 638 3823 Ieremias
671 3776 730 3823 ecee
759 3774 807 3836 ape
835 3760 926 3836 inqee't
946 3759 1058 3822 mdtcrc
1090 3757 1253 3834 piscatores.

113 3854 149 3917 Et
170 3856 314 3936 plurimae
337 3857 447 3935 species
481 3857 576 3919 immo
606 3874 720 3934 genera·
745 3856 870 3936 piscium
900 3863 985 3924 erant
1005 3854 1036 3916 in
1060 3853 1134 3915 meri
1156 3869 1254 3931 quon-

113 3954 179 4017 dam
204 3961 335 4017 mortuo.
378 3957 460 4026 Quos
482 3954 581 4034 pisces
608 3954 642 4015 ad
673 3955 822 4019 dexteram
846 3963 962 4035 partem
984 3952 1105 4015 iubente
1128 3950 1256 4013 Domino

112 4053 239 4115 extraxit
263 4053 370 4115 Petrus
404 4060 434 4113 et
467 4061 554 4115 erant
576 4052 675 4114 ΟΙΙΙΙε
709 4054 750 4116 ita
776 4062 811 4117 ut
836 4071 908 4132 prae
936 4051 1126 4115 multitudine
1149 4067 1254 4113 eornm

112 4152 187 4214 retia
209 4160 431 4232 rumperentur.
469 4152 559 4214 Aiunt
581 4160 681 4214 autem
703 4152 754 4231 qui
777 4152 819 4213 de
842 4151 1087 4214 animantium
1110 4149 1254 4230 scripsere

112 4251 266 4316 naturis
283 4258 313 4315 et
335 4251 524 4332 proprietate,
559 4251 610 4331 qui
640 4239 812 4313 ἁλιευτικὰ
838 4258 899 4313 tam
922 4249 1012 4313 latino
1039 4267 1126 4329 quam
1149 4265 1253 4328 graeco

113 4349 241 4413 didicere
264 4367 410 4425 sermone,
434 4350 470 4410 de
492 4349 600 4429 quibus
615 4348 767 4429 Oppianus
784 4349 856 4413 Cilix
878 4358 932 4418 est,
955 4358 1040 4428 poeta
1056 4347 1258 4419 doctissimus.

113 4460 263 4511 eentum
293 4449 564 4530 quinquaginta
594 4448 668 4511 tria
699 4468 781 4541 esse
811 4466 948 4526 genera
971 4446 1144 4527 piscium:
1179 4467 1254 4527 quae

1044 4550 1094 4604 11*
