2902 5040
649 283 889 345 -106-

197 461 341 521 damitterc
358 459 488 519 umbram
509 459 549 518 ita
573 459 683 520 dictum
700 467 793 520 estut
815 460 930 521 laudem
953 460 1083 539 aliquam
1106 469 1234 522 mereret
1255 471 1342 540 poeta

197 559 323 620 multum
332 559 416 619 nobis
426 558 596 636 obiurgatus
606 559 715 638 quippo
728 568 796 638 apto
809 559 855 619 ille
867 559 998 620 imitatus
1011 559 1205 637 geometricos
1213 559 1341 631 „lineam

196 656 405 717 demittentes‘
420 656 636 734 (Vitruvilllb,
648 658 690 735 5).
722 658 876 736 loquendi
893 677 964 719 usus
986 658 1179 738 scriptoribus
1202 677 1341 720 commu-

196 757 242 817 nis
259 755 307 816 bic
322 755 400 834 quod
416 755 579 834 gaudent
602 756 739 834 aquatilia
755 757 857 835 pelago
874 759 917 818 vel
940 758 1130 819 laetantur
1152 776 1240 819 arena
1263 759 1341 839 apud

195 855 317 915 latinum
341 854 505 928 (laetantur
526 853 605 914 enim
628 873 655 913 v.
684 854 742 915 118
765 863 845 916 recte
874 856 1015 917 scribitur
1036 875 1090 935 pro
1117 876 1152 916 oo
1176 857 1255 936 quod
1278 866 1343 918 tra-

195 950 286 1014 ditur
304 953 459 1024 locustum
488 954 569 1013 volut
591 971 617 1011 v.
644 952 703 1013 116
725 957 875 1014 nociturus
908 954 980 1014 abiit
1006 953 1037 1013 in
1064 957 1234 1030 uomiturus)
1265 956 1343 1017 sicut

194 1048 350 1128 γάνυνται
374 1052 448 1130 Opp.
470 1051 481 1110 l
504 1050 576 1124 383,
608 1053 787 1133 τέρπονται
809 1053 929 1113 111415
953 1063 1042 1132 atque
1075 1054 1182 1114 similia
1214 1055 1343 1134 passim3

195 1159 327 1213 cetorum
355 1150 412 1212 iam
440 1151 611 1212 Aristoteles
635 1172 659 1212 e.
683 1171 710 1230 g.
734 1153 844 1232 χαίρει
874 1149 912 1213 δὲ
943 1150 1117 1235 πρόςγειος
1146 1148 1193 1215 ὤν
1221 1154 1341 1232 (htben.

195 1270 222 1329 p.
240 1251 362 1326 3151).
387 1251 428 1311 lta
452 1252 530 1330 quod
547 1269 602 1330 pro
628 1268 732 1311 masna
754 1251 862 1329 legitur
874 1271 965 1330 psum
979 1270 1099 1313 ατοαιατ
1115 1252 1167 1314 Ov.
1186 1253 1256 1326 120,
1278 1271 1340 1314 nou

195 1349 279 1411 aliter
300 1348 431 1428 loquitur
453 1349 615 1429 Oppianus,
639 1369 665 1410 o.
681 1368 709 1427 g.
730 1368 755 1409 v.
776 1350 787 1409 l
812 1350 869 1408 174
892 1359 923 1410 et
948 1351 1005 1410 171
1030 1360 1060 1411 et
1085 1351 1156 1423 183,
1181 1349 1257 1424 184;
1278 1369 1341 1412 non

195 1449 278 1509 aliter
301 1447 467 1509 Numenius
499 1447 531 1507 in
565 1449 731 1527 fragmento
764 1448 844 1527 quod
873 1448 1078 1510 exhibebimus
1100 1449 1186 1510 xvh.
1231 1448 1342 1510 Nobilis

194 1547 282 1625 piscis
304 1548 345 1608 ibi
368 1548 450 1610 audit
464 1547 530 1626 (Or.
550 1547 621 1623 134)
645 1547 696 1609 ubi
721 1549 848 1608 maxime
863 1556 1011 1609 moratur:
1032 1549 1084 1610 tali
1107 1548 1257 1609 locutione
1280 1548 1339 1610 iam

194 1663 266 1706 usus
282 1645 490 1708 Archestratus
506 1654 550 1707 est
577 1644 646 1707 s'bst
663 1644 701 1707 δὲ
723 1643 837 1718 κεδνὸς
859 1641 920 1709 κᾶν
942 1648 1091 1730 πορθμῷ
1106 1649 1213 1709 11111111.
1229 1648 1341 1722 atem
1414 1703 1416 1708 .

193 1741 289 1826 κεδνὴ
313 1741 426 1805 δὲκαὶ
448 1739 530 1826 αὐτή
552 1743 643 1805 32οΑ
664 1744 799 1822 (32511);
829 1744 913 1806 κατὰ
935 1743 1092 1808 Χαλκίδα
1110 1744 1228 1828 κεδνήν
1247 1745 1340 1809 28811

193 1843 330 1924 (33οΑ);
353 1843 390 1905 ol.
408 1842 512 1919 311r3
536 1844 575 1904 ita
598 1864 622 1904 e.
640 1862 666 1922 g.
685 1844 797 1905 Plinius
821 1863 942 1923 quoque
956 1843 996 1905 lX
1011 1845 1069 1920 603
1092 1845 1246 1925 Oppianus
1269 1863 1340 1907 roro

193 1944 364 2017 huiusmodi
386 1942 528 2006 stationes
557 1944 656 2004 miuus
691 1944 813 2005 curavit.
858 1944 1125 2005 Praeclarissimam
1161 1963 1229 2005 vero
1263 1945 1341 2008 banc

193 2043 331 2123 propone
351 2037 487 2104 Ovidium
511 2042 590 2104 inter
614 2051 644 2103 et
666 2041 834 2122 Oppianum
859 2042 1094 2104 similitudinem.
1132 2045 1233 2123 lpsum
1258 2045 1338 2107 euim

193 2144 223 2204 in
245 2162 271 2204 v.
288 2141 328 2203 92
351 2139 520 2223 χωρισμὸν
541 2150 587 2203 tot
609 2142 656 2204 ille
679 2160 712 2204 ac
734 2143 843 2205 talibus
865 2142 962 2204 vorbis
984 2155 1156 2224 praeparat:

283 2252 414 2316 lliscri
421 2254 496 2334 psit
519 2255 603 2316 sedes
627 2255 704 2317 varie
727 2264 831 2317 natura
854 2256 994 2336 profundi

292 2353 363 2415 Neo
386 2361 538 2415 cunctos
560 2373 630 2415 una
652 2354 746 2415 voluit
768 2355 985 2416 consistere
1007 2355 1121 2435 piscos3

293 2452 377 2513 Nam
401 2453 531 2530 gaudent
554 2472 615 2538 eqs.

192 2580 289 2642 verbis
317 2581 441 2643 totidem
476 2583 649 2664 eisdemque
683 2585 745 2645 lere
777 2584 855 2645 idem
890 2583 1061 2663 adgreditur
1094 2604 1216 2664 graecus
1251 2595 1338 2666 poeta

192 2679 332 2760 latasqz
1185 2686 1188 2693 '
1324 2690 1328 2699 ’

286 2793 440 2876 Ἰχθύσι
467 2793 528 2879 μὲν
553 2792 648 2881 γενεή
674 2821 708 2859 τε
735 2795 790 2859 καὶ
813 2791 902 2879 ἤθεα
928 2796 984 2859 καὶ
1010 2787 1138 2887 πόρος
1165 2790 1307 2888 ἅλμηςΙ

292 2891 494 2977 κέκριται,
517 2892 608 2959 οὐδὲ
633 2921 670 2958 τι
694 2898 799 2958 πᾶσι
819 2895 944 2978 νομαὶ
965 2893 1166 2960 νεπόδεσσιν
1189 2890 1337 2979 ὁμοῖαι.

293 2992 325 3058 oi
351 2994 412 3078 μὲν
438 2993 511 3079 γὰρ
535 3016 594 3075 eqs.
1287 3019 1290 3025 ·

191 3127 330 3190 Versibus
348 3147 420 3189 usus
435 3136 560 3207 uterque
576 3125 710 3203 duobus3
734 3128 847 3208 primus
870 3127 990 3208 utrique
1013 3146 1119 3189 sensus
1141 3127 1337 3190 affirmativus

190 3227 324 3307 ponitur,
360 3228 465 3288 deinde
498 3245 551 3306 per
585 3227 774 3306 negationem
808 3229 928 3307 utrique
951 3228 1106 3289 fortiorem
1129 3227 1235 3288 sensus
1258 3227 1337 3289 idem

190 3328 329 3402 iteratur3
359 3327 467 3388 deinde
488 3329 590 3389 vocula
613 3337 739 3407 uterque
763 3328 808 3388 vel
830 3346 900 3389 αοοι
923 3328 967 3388 vel
990 3327 1052 3408 γὰρ
1076 3327 1253 3388 divisionem
1275 3327 1338 3406 pis·

191 3427 270 3488 cium
293 3427 434 3488 adnectit.
462 3427 532 3487 lam
548 3443 651 3487 nonno
667 3427 719 3488 uni
735 3426 840 3504 cuique
855 3446 871 3486 e
886 3426 1017 3487 tenebris
1034 3426 1118 3504 quasi
1139 3433 1170 3486 et
1191 3424 1337 3485 oblivione

192 3533 323 3603 emerget
339 3525 487 3587 halieutici
502 3524 625 3586 alicuius
642 3525 710 3587 libri
733 3525 831 3604 imago
847 3525 897 3604 qui
919 3525 943 3585 si
967 3525 1066 3586 minus
1082 3525 1117 3586 ad
1139 3524 1335 3585 imitationem

191 3624 243 3685 sed
266 3623 302 3685 ad
324 3624 553 3685 aemulationem
576 3631 676 3684 tamen
700 3631 802 3702 poetas
825 3622 1018 3685 excitaverit?

275 3723 371 3801 Atque
393 3721 452 3782 iam
476 3722 507 3782 in
529 3721 627 3800 ipsum
644 3721 827 3801 profundum
851 3732 881 3784 ot
902 3723 938 3783 ad
954 3722 1080 3801 piscium
1103 3721 1189 3783 sodes
1212 3721 1336 3782 desoe'n·
1408 3801 1411 3807 ,

191 3821 304 3882 damus
350 3819 479 3880 Plurima
501 3819 622 3880 nomina
647 3819 768 3881 Ovidius
792 3820 848 3881 sub
871 3821 993 3899 pelagi
1022 3820 1119 3881 indice
1141 3819 1269 3899 posuit·
1292 3821 1336 3882 hd

191 3938 266 4000 quos
289 3919 417 3999 pelagios
440 3918 592 3998 pertinere
614 3920 742 3979 maxima
773 3919 794 3980 11
824 3920 963 3981 videntur
985 3919 1036 3999 qui
1058 3920 1089 3980 iu
1112 3919 1175 3999 ipso
1199 3919 1259 3980 alto
1283 3919 1337 3980 dc·

190 4028 269 4098 gant,
293 4018 344 4097 qui
367 4017 537 4078 scribuntur
552 4018 629 4098 apud
646 4018 811 4097 Oppianum
828 4018 840 4077 l
859 4017 934 4092 1793
956 4026 1045 4098 atque
1068 4019 1197 4097 thynnos
1223 4017 1336 4097 gladios

190 4118 333 4198 hippuros
357 4133 432 4194 quos
454 4115 502 4176 hic
524 4116 677 4197 Oppianus
699 4117 802 4177 scribit
825 4116 945 4177 Ovidius
976 4134 1096 4196 quoque
1124 4115 1241 4188 scribit,
1275 4132 1335 4178 non

190 4217 292 4278 scribit
315 4211 487 4297 πρηνοὶδας
509 4217 643 4295 κυβείας
665 4214 779 4287 κολίας
800 4211 963 4287 σκυτάλας
989 4210 1152 4298 ὀρκύνους.
1186 4215 1248 4276 lam
1271 4234 1334 4277 me-

192 4315 334 4376 morabile
355 4315 413 4376 hoc
428 4313 561 4384 dixerim,
585 4315 664 4394 quod
683 4312 793 4394 ξιφίαι
809 4314 887 4393 apud
911 4314 1036 4376 alterum
1060 4322 1206 4375 vocantur
1227 4310 1335 4396 φερώ-

191 4434 298 4495 νομοι,
332 4414 408 4493 apud
441 4414 567 4476 alterum
595 4413 658 4493 ipsa
681 4415 776 4494 graeci
799 4414 928 4475 nominis
952 4413 1106 4494 explicatio
1130 4413 1258 4476 adicitur
1278 4416 1343 4474 ictu
