2902 5040
712 282 953 345 -188-

260 460 362 538 ltaque
384 459 507 521 Ovidius
530 477 598 519 cum
622 458 679 520 sibi
702 466 821 520 constet
841 458 902 519 fere
926 457 957 518 in
981 456 1076 518 forma
1091 455 1165 528 Pon
1189 453 1289 531 (solito
1312 452 1398 513 rarior

261 577 295 619 ea
309 558 340 617 in
356 558 439 620 Rern.
453 560 526 632 dm,
550 579 565 618 a
581 578 640 638 quo
655 556 731 619 libro
748 557 882 637 proxime
897 556 1006 618 absunt
1016 557 1077 616 Art.
1091 556 1156 617 bur.
1167 553 1206 614 ΙΙΙ
1222 561 1252 614 et
1266 553 1289 612 F
1291 560 1345 613 ast.
1357 552 1398 627 Vl)

260 664 379 717 etcum
403 675 440 718 ne
463 656 533 729 PQS
562 657 680 737 quidem
708 657 874 736 provectior
899 664 961 717 arte
984 654 1076 734 magis
1098 652 1231 715 vitaverit
1265 653 1348 727 (naba
1369 669 1399 712 eo

259 762 419 815 contentus
443 755 509 828 luit,
543 765 576 817 ut
609 773 669 816 non
704 755 836 816 crebrius
860 773 948 833 quam
973 754 1050 815 inter
1072 771 1162 840 senos
1186 769 1290 813 versus
1313 749 1400 810 semel

258 870 332 912 sono
355 853 413 913 boc
435 873 521 915 aures
541 853 691 934 fatigarem
715 853 936 933 exceptiuncula
953 853 1092 914 Remedia
1108 851 1226 913 Amoris
1243 853 1399 911 excusante

260 969 361 1011 versus
383 951 523 1030 tripartiti
545 953 674 1025 raritate,
709 971 766 1014 una
800 970 867 1013 cum
902 951 1071 1030 fragmento
1094 950 1131 1011 de
1152 948 1256 1010 Medic.
1279 948 1400 1008 Formae

242 1047 382 1109 'nimium
406 1068 441 1110 eo
464 1050 641 1124 decurtato),
665 1061 767 1114 contra
783 1051 852 1111 PPS
870 1050 945 1111 clara
965 1049 1037 1110 artis
1059 1045 1270 1110 emendatione
1294 1045 1333 1106 ita
1355 1062 1399 1105 ra-

257 1147 357 1220 rescit,
386 1158 419 1210 ut
441 1150 572 1211 crebrius
595 1169 684 1230 quarn
706 1151 736 1211 in
760 1149 984 1230 quadragesimo
1007 1165 1126 1228 quoque
1146 1127 1321 1207 hexametro
1345 1159 1401 1203 non

233 1252 239 1315 l
259 1255 422 1324 usurpetur
437 1247 495 1308 nisi
518 1248 548 1308 in
572 1249 754 1310 carminibus
776 1247 975 1309 iuvenalibus:
1000 1248 1101 1307 Amor.
1112 1246 1134 1318 l,
1158 1243 1207 1314 ΙΙΙ,
1230 1243 1293 1304 brt.
1306 1241 1369 1303 dm.
1380 1239 1399 1312 l,

257 1344 414 1406 accedente
433 1346 470 1406 de
482 1345 722 1409 Medicaminibus
734 1347 860 1408 Formae
875 1348 1056 1424 fragmento3
1070 1343 1204 1424 proxime
1220 1341 1258 1402 ab
1273 1341 1322 1403 bis
1333 1345 1401 1402 sunt

256 1441 324 1502 libri
346 1444 412 1503 dm.
435 1444 469 1513 ll,
492 1444 609 1506 Heroid.
627 1447 649 1516 l,
679 1447 741 1507 Art.
762 1446 826 1504 Am.
844 1444 868 1504 ll
902 1450 931 1503 et
964 1443 1124 1521 neglectior
1158 1441 1206 1502 ille
1240 1458 1276 1500 ex
1310 1438 1399 1499 Ponto

258 1539 399 1615 ultimus3
419 1540 496 1602 idern
513 1560 582 1603 vero
594 1543 664 1604 PPS
680 1543 774 1604 rarius
788 1543 904 1602 adstare
919 1560 1007 1621 quana
1024 1541 1054 1602 in
1067 1537 1314 1622 quiuquagesimo
1329 1554 1400 1617 quo-

257 1655 315 1716 que
337 1656 424 1700 versu
445 1640 514 1702 inde
536 1658 552 1700 a
572 1640 899 1704 Translormationibus
923 1641 999 1702 solet
1015 1658 1073 1702 una
1096 1657 1163 1701 cum
1186 1637 1269 1699 libris
1292 1634 1399 1698 ultimis

257 1737 361 1797 aetatis
384 1739 542 1800 amatoriae
559 1741 619 1800 brt.
635 1741 700 1801 Am.
716 1740 765 1813 ΙΙΙ,
782 1739 903 1800 Remed.
927 1738 1016 1817 (miro
1040 1738 1128 1800 modo
1145 1736 1280 1815 Zingerle
1299 1753 1328 1815 p.
1346 1731 1399 1792 125

257 1834 331 1895 banc
347 1836 520 1898 divisionem
537 1857 634 1899 meam
650 1837 798 1919 praedicat
814 1837 1092 1911 „Ausbilfsmittel“,
1115 1834 1202 1916 quasi
1224 1851 1289 1894 uon
1312 1831 1399 1895 oeulis

255 1933 351 2011 magis
374 1936 540 2012 parendum
563 1956 597 1999 ac
619 1937 722 2019 sensui
744 1937 783 1998 sit
805 1953 896 2015 quam
919 1935 1130 2015 opinionibus).

339 2031 433 2093 Porro
469 2035 542 2096 mira
576 2035 673 2116 aliqua
696 2036 852 2097 Fastorum
883 2033 1035 2114 epicorum
1059 2051 1125 2094 cum
1148 2027 1399 2093 Franslormatio-

256 2126 344 2190 nibus
360 2129 534 2193 observatur
548 2133 693 2212 cognatio.
731 2132 848 2193 Scilicet
864 2131 1011 2211 dactylicis
1027 2131 1123 2192 verbis
1146 2128 1254 2209 pedem
1271 2127 1399 2208 primum

256 2236 285 2288 et
296 2225 344 2287 bic
355 2235 384 2288 et
395 2227 454 2290 illic
464 2239 549 2308 poeta
562 2231 660 2294 studio
672 2231 759 2311 plane
771 2230 883 2292 maiore
893 2230 1052 2291 concessit.
1072 2228 1292 2308 Praeparantur
1302 2232 1399 2289 autem

255 2325 339 2405 quasi
350 2326 640 2392 Transformationes
652 2332 707 2393 bac
719 2349 837 2410 quoque
852 2329 883 2389 in
898 2348 931 2391 re
944 2338 973 2391 et
984 2328 1134 2390 Remediis
1150 2336 1180 2389 et
1190 2327 1271 2388 Artis
1288 2324 1398 2388 ultimo.

255 2421 356 2496 Quid?
381 2426 567 2490 hexametros
582 2429 758 2508 tripartitos,
779 2446 908 2508 quorum
923 2446 1066 2489 numeros
1089 2427 1121 2489 in
1135 2425 1242 2506 quinta
1265 2425 1398 2488 columna

255 2522 350 2603 posui,
368 2542 468 2586 nonne
483 2535 552 2607 post
564 2526 854 2589 Translormationes
866 2527 1015 2589 absolutas
1032 2525 1130 2587 subito
1142 2525 1176 2587 in
1188 2523 1341 2586 Tristibus
1356 2524 1399 2584 in-

254 2640 313 2701 que
327 2621 467 2701 Epistolis
483 2642 519 2686 ex
533 2624 630 2687 Ponto
648 2625 746 2687 missis
762 2625 837 2685 mira
854 2625 1021 2686 constantia
1037 2623 1126 2702 duplo
1142 2623 1206 2683 lere
1220 2622 1322 2683 rarius
1334 2621 1399 2683 Ovi·

254 2721 321 2781 dius
332 2718 456 2799 posuit?
478 2723 515 2783 at
527 2742 588 2783 non
603 2723 699 2785 rarius
713 2724 814 2803 posuit
828 2723 860 2783 in
875 2722 969 2783 Fastis
985 2720 1151 2783 constantia
1166 2719 1286 2795 eadem3
1302 2720 1398 2800 itaque

253 2820 289 2881 ad
312 2820 416 2880 Festos
438 2820 538 2899 epicos
560 2822 608 2882 ille
622 2822 931 2884 Translormatiouum
952 2838 1039 2883 usum
1062 2821 1148 2902 plane
1170 2818 1398 2899 expandendum
1419 2851 1424 2858 ·

252 2919 375 2997 putavit.
414 2919 558 2981 Ultimum
573 2928 672 2982 autem
688 2921 796 2985 librum
819 2929 848 2982 et
863 2918 1171 2982 Transformationum
1193 2925 1224 2978 et
1241 2918 1398 2979 Fastorum

252 3017 362 3096 pariter
383 3017 723 3097 singularivolubilitate
745 3018 966 3098 elegantiusque
989 3017 1108 3078 cumulo
1132 3015 1304 3094 insigniisse
1326 3034 1397 3078 con·

251 3116 329 3177 sulto
352 3117 477 3177 videtur.

336 3215 396 3276 lam
430 3232 499 3276 vero
533 3215 611 3276 sicut
645 3215 789 3276 lleroidas
823 3214 873 3276 ubi
901 3214 1094 3275 tractavimus
1125 3230 1193 3276 cum
1220 3211 1336 3274 Helena
1369 3219 1396 3273 et

250 3312 333 3374 Paris
355 3312 387 3372 in
410 3313 521 3374 calculo
543 3313 656 3393 positae
680 3312 885 3375 exhibuissent
906 3313 999 3373 semel
1401 3325 1404 3329 ’

251 3409 319 3470 PPS
336 3411 367 3471 in
383 3408 737 3492 322vv.‚PQSin111g‚
754 3411 826 3472 PPI)
842 3412 873 3472 in
887 3410 945 3492 apg,
961 3411 1035 3483 rub
1051 3410 1082 3471 in
1102 3411 1149 3482 10,
1165 3409 1199 3470 Η.
1214 3417 1252 3470 tr.
1268 3409 1301 3470 in
1318 3406 1394 3497 8034,

250 3508 357 3568 haruin
384 3508 548 3572 Heroidum
581 3510 707 3572 duarum
742 3508 914 3571 Ovidianam
948 3509 1092 3587 originem
1127 3526 1190 3570 non
1222 3527 1289 3570 esse
1325 3526 1394 3569 con-

250 3605 407 3677 clusimus,
442 3607 520 3668 unde
547 3607 725 3687 sequebatur
754 3607 896 3668 Heroidas
924 3625 962 3667 ue
988 3607 1117 3687 reliquas
1139 3607 1261 3686 quidem
1287 3607 1392 3669 iudea

250 3702 355 3763 Paride
388 3703 424 3763 ad
453 3704 604 3783 Cydippen
634 3724 729 3784 usque
758 3705 860 3767 Ouidio
889 3703 990 3767 deberi
1019 3705 1071 3766 sed
1100 3705 1301 3768 imitatoribus
1325 3704 1392 3766 Ovi·

249 3800 343 3863 dianis
371 3799 481 3879 (neque
507 3810 606 3863 tamen
634 3802 757 3864 falsariis
784 3804 880 3883 poetis
909 3822 942 3865 ac
964 3802 1180 3875 Fraudulentis),
1209 3802 1289 3865 baud
1312 3803 1392 3866 aliter

249 3908 337 3979 atque
352 3899 416 3960 iure
432 3900 535 3960 eodem
549 3902 573 3962 is
590 3901 640 3981 qui
652 3901 885 3963 Halieuticorunr
898 3919 1039 3963 numeros
1052 3901 1263 3963 examinaverit
1274 3920 1391 3964 carmen

162 4006 164 4013 '
248 3998 305 4059 boc
325 3999 456 4059 lacerum
472 3997 507 4060 ab
524 3998 640 4073 Ovidio,
665 4008 694 4060 et
715 4001 834 4080 quidem
850 4020 866 4061 a
882 4017 953 4061 sene
969 3999 1084 4074 Ovidio,
1105 3999 1225 4063 duxisse
1247 4000 1391 4081 originem

248 4097 410 4158 demiretur
430 4106 557 4176 oportet.
600 4097 641 4158 lle
658 4098 790 4160 versibus
807 4106 904 4161 autem
923 4098 961 4160 18
978 4107 1008 4160 et
1023 4098 1063 4161 33
1079 4116 1161 4159 meas
1181 4099 1327 4162 lectiones
1346 4119 1392 4161 se·

248 4204 334 4256 cutus
349 4214 431 4271 surn3
455 4196 533 4274 quod
549 4195 573 4256 si
589 4196 653 4275 quis
671 4197 707 4257 de
720 4218 744 4257 v.
759 4196 798 4257 33
816 4197 969 4270 dubitabit,
984 4197 1054 4258 PPS
1066 4197 1142 4275 leget
1156 4197 1238 4259 inter
1252 4197 1335 4280 19⁴j,
1349 4217 1390 4259 vv.

248 4294 349 4354 semel.
394 4292 435 4354 lle
469 4294 503 4354 ll.
530 4302 567 4354 tr.
602 4295 762 4375 confugere
795 4315 865 4357 sane
899 4297 936 4358 ad
970 4314 1057 4357 usum
1090 4294 1191 4357 licebit
1223 4296 1388 4359 Fastorum.

248 4390 320 4452 Prae
343 4392 447 4453 ceteris
470 4392 506 4454 ab
530 4393 632 4454 Ovidio
656 4413 799 4456 numerus
822 4395 969 4476 discrepat
990 4394 1021 4455 iu
1045 4394 1184 4455 columna
1207 4402 1314 4474 quarta
1337 4412 1390 4475 pe·
