2902 5040
609 307 833 372 ..gg-

149 485 206 547 fert
229 484 404 547 Plutarchus
421 482 482 544 974
498 486 535 546 B:
558 479 651 559 κύνες
673 481 711 546 δὲ
733 480 805 563 πόα
826 481 893 547 mvl
916 483 1137 564 καθαίροντες
1158 475 1296 553 ἑαυτοὺς

148 581 364 664 χολεριῶντας
385 590 473 663 atque
496 582 558 644 974
579 583 615 644 C:
636 582 693 665 τῆς
714 578 744 644 τ’
768 582 866 664 ἴβεως
888 580 945 645 τὸν
966 576 1184 662 ὑποκλυσμὸν
1206 572 1295 663 ἅλμῃ

149 682 395 764 καθαιρομένης
421 676 608 759 Αἰγύπτιοι
630 678 779 745 συνιδεῖν
808 679 865 744 καὶ
886 672 1104 764 μιμήσασθαι
1127 676 1296 756 λέγουσιν.

234 778 334 853 Quid?
357 780 437 861 quod
460 799 535 860 quae
557 779 668 842 ibidem
690 781 793 843 Cicero
816 790 917 843 narrat
939 798 1041 861 capros
1061 777 1298 859 sacrosacrae

148 900 214 942 eom
235 891 324 943 essem
347 881 478 961 οοιιβυιιι
500 884 646 943 venenosis
666 884 774 961 sopitus
802 880 920 943 berham
953 897 1093 962 quaerere
1125 896 1199 958 quoe
1233 878 1297 940 dte-

149 989 262 1041 tomoos
283 988 445 1051 vocaretur,
468 997 556 1060 ραοοι
578 998 643 1042 cum
656 983 843 1060 portavissent
857 983 973 1060 sagittas
988 979 1117 1041 eodum
1140 978 1258 1055 [dicunt]
1283 995 1298 1039 e
1324 1028 1327 1032 .

148 1096 274 1158 corpore,
297 1079 472 1140 Plutarchus
487 1077 637 1157 praeclare
652 1078 757 1139 eadem
773 1078 835 1139 974
851 1078 889 1139 D:
914 1072 951 1138 ai
971 1073 1009 1139 δὲ
1027 1071 1188 1158 Κρητικαὶ
1204 1075 1298 1152 αἶγες

149 1171 229 1239 ὅταν
251 1175 287 1238 τὸ
317 1174 478 1258 δίκοαμον
506 1173 678 1257 φάγωσιν,
707 1172 929 1257 ἐκβάλλουσαι
957 1173 998 1238 roi
1024 1170 1209 1255 τοξεύματα
1235 1169 1298 1256 ῥᾳ-

149 1273 229 1347 δίως
246 1321 252 1335 .
270 1319 278 1335 .
295 1318 302 1335 .
320 1321 327 1336 .
343 1268 399 1337 ἐπ’
424 1269 521 1336 οὐδὲν
547 1272 610 1357 γὰρ
639 1269 720 1336 ἄλλο
749 1277 938 1356 τρωθεϊσαι
965 1273 1123 1357 φέρονται
1154 1269 1211 1334 καὶ
1242 1266 1297 1353 ζη-

147 1371 243 1436 τοῦσι
266 1371 323 1433 καὶ
346 1368 506 1435 διώκουσι
527 1371 564 1436 τὸ
588 1369 759 1454 δίκεαμον.
804 1374 950 1446 Quantb
972 1392 1012 1435 se
1035 1391 1146 1453 opere
1169 1378 1299 1434 custo·

149 1471 255 1532 diant
283 1470 428 1532 bestiae
451 1471 565 1547 (Cicero
590 1472 667 1546 126)
691 1472 857 1552 exemplum
882 1472 1043 1552 Chrysippo
1068 1471 1163 1533 luisse
1185 1487 1298 1548 grues

149 1569 296 1643 videntur,
329 1570 402 1631 item
435 1589 588 1632 anseres
611 1571 701 1649 (Plut
718 1590 748 1650 p.
764 1570 824 1632 967
841 1572 887 1650 Β),
918 1571 991 1633 item
1023 1572 1178 1651 lepores
1205 1567 1299 1648 (Plut

149 1688 177 1748 p.
195 1666 251 1733 971
272 1669 317 1747 ll).
364 1669 544 1732 Nidorum
568 1671 917 1732 construendorum
940 1670 1011 1744 (Cio.
1030 1670 1103 1747 129)
1126 1667 1299 1748 exemplum

150 1767 239 1830 habet
262 1767 436 1830 Plutarchus
464 1787 493 1848 p.
516 1768 578 1830 966
600 1768 632 1829 D.
677 1768 759 1830 Sicut
792 1769 903 1830 caudae
936 1787 1023 1831 causa
1056 1786 1223 1848 pavonem,
1257 1766 1298 1828 ita

150 1865 292 1946 quasdam
314 1885 381 1928 aves
403 1885 503 1928 rerum
526 1868 766 1946 augurandarum
801 1885 889 1929 causa
924 1887 989 1929 esse
1023 1875 1107 1929 natas
1140 1872 1180 1927 et.
1195 1864 1298 1927 Cioaro

150 1971 303 2044 acceperat
325 1966 420 2039 §160
443 1974 472 2027 et
495 1966 671 2029 Plutarchus
694 1985 723 2046 p.
739 1966 801 2028 975
818 1966 851 2027 Α.

235 2062 339 2125 Nescio
359 2083 433 2125 num
456 2065 515 2127 iam
531 2066 577 2127 his
597 2066 754 2144 diligenter
768 2065 922 2145 perpensis
938 2066 975 2127 de
990 2064 1152 2145 Chrysippo
1168 2064 1299 2126 istarum

150 2161 350 2223 sollertiarum
378 2163 554 2243 sospitatore
581 2163 721 2244 primario
737 2180 915 2244 summoque
930 2165 1006 2244 apud
1022 2171 1159 2243 posteros
1174 2169 1299 2224 auctore

150 2278 246 2320 meam
273 2260 328 2323 tibi
343 2264 523 2326 sententiam
539 2264 587 2325 cui
601 2280 664 2325 non
679 2263 739 2325 vidi
759 2281 813 2342 ego
837 2282 896 2343 quo
911 2271 997 2343 paeto
1019 2282 1068 2324 me
1088 2261 1300 2335 subtraherem

146 2359 357 2438 persuaserim.
402 2361 466 2433 Qua
492 2362 822 2442 quidem'corrcborata
842 2361 893 2441 qui
921 2360 953 2423 in
980 2360 1131 2423 Ciceronis
1159 2367 1299 2423 auctores

151 2457 345 2539 philosophos
375 2459 531 2539 inquirant
561 2460 670 2521 mirum
699 2466 846 2539 quantum
876 2460 1120 2522 adiuvabuntur.⁴
1155 2459 1188 2521 Si
1218 2459 1301 2520 enim

151 2556 333 2635 Chrysippus
363 2565 409 2618 est
439 2577 475 2620 ex
505 2577 563 2639 quo
593 2565 685 2620 totam
716 2557 792 2619 hano
821 2557 993 2620 animalium
1030 2557 1197 2619 sollertium
1237 2557 1300 2618 col·

150 2655 307 2716 lectionem
336 2657 497 2719 extraxerit
523 2658 635 2731 Cicero,
663 2658 751 2718 etiam
778 2657 891 2736 reliqua
912 2657 1019 2736 quibus
1041 2674 1107 2718 eam
1128 2654 1302 2734 praeparari

151 2753 306 2816 docuimus
333 2773 387 2818 neo
413 2775 474 2817 non
501 2755 715 2836 subsequentia
740 2763 833 2817 tracta
860 2772 896 2816 ex
917 2755 1021 2816 eodem
1042 2753 1207 2834 Chrysippo
1234 2771 1302 2814 esse

150 2872 271 2915 necesse
302 2862 356 2916 est.
401 2856 473 2917 Tam
504 2864 567 2918 arte
597 2854 697 2916 omnia
724 2853 885 2916 cohaerent
913 2862 941 2915 et
970 2852 1175 2933 philosophica
1203 2851 1299 2912 ratio·

151 2951 299 3014 cinatione
316 2953 499 3032 colligantur.
530 2956 670 3016 Attamen
686 2952 759 3014 mihi
780 2952 985 3017 librumhunc
999 2953 1035 3013 de
1050 2960 1155 3014 natura
1171 2950 1301 3012 deorum

151 3050 276 3112 alterum
290 3051 398 3113 idonea
413 3060 630 3132 pertractaturo
647 3051 798 3131 diligentia
815 3050 997 3129 angustiores
1012 3050 1113 3130 ipsius:
1130 3049 1299 3111 occasionis

150 3150 227 3211 fines
254 3150 372 3212 officere
398 3152 492 3212 video.
537 3151 624 3212 Nunc
648 3151 722 3212 haec
740 3156 867 3211 tantum.
893 3150 1010 3229 ‘Atque
1030 3147 1185 3229 Chrysippi
1207 3147 1302 3210 libros

151 3249 353 3329 pervolutatos
369 3252 500 3314 Senecae
516 3252 553 3312 ad
568 3267 691 3313 manum
708 3248 845 3329 Ciceroni
861 3266 981 3329 quoque
1000 3247 1133 3328 potuisse
1149 3264 1216 3309 esse
1232 3246 1302 3327 quis

151 3347 353 3410 infitiabitur?
381 3352 415 3412 ln
440 3351 613 3413 uni-versum
636 3357 736 3411 autem
752 3356 786 3409 ut
801 3348 962 3428 disputem,
985 3347 1010 3409 si
1026 3347 1127 3409 Cicero
1143 3346 1301 3426 Epicureis

152 3463 304 3526 opponere
331 3448 499 3511 Stoicorum
527 3449 562 3510 de
589 3448 652 3510 deis
677 3447 783 3527 placita
809 3448 935 3518 volebat,
965 3465 1056 3527 quem
1083 3447 1181 3526 aptius
1209 3463 1302 3526 quana

152 3545 347 3626 Chrysippum
364 3556 415 3609 aut
431 3548 554 3609 omnino
570 3567 659 3628 quem
682 3546 772 3609 alium
788 3553 906 3626 praeter
921 3545 1120 3626 Chrysippum
1143 3562 1300 3626 opponere

150 3644 208 3705 illis
223 3651 341 3725 poterat
356 3647 608 3716 conformatorem
624 3647 713 3706 Stoae
728 3653 833 3706 verum
856 3652 886 3705 et
907 3644 971 3721 sine
987 3662 1048 3724 quo
1063 3643 1135 3706 Stoa
1156 3646 1196 3706 ne
1219 3632 1303 3706 esset

152 3740 298 3823 quidem?
326 3744 372 3805 An
394 3744 501 3824 placita
516 3744 635 3806 Panaeti
658 3751 691 3805 ut
713 3760 808 3806 unum
831 3741 984 3804 nominem
1001 3741 1065 3803 eius
1085 3740 1209 3823 quisue
1227 3759 1303 3805 sane

151 3853 287 3922 tempore
313 3843 471 3923 „princeps
495 3842 609 3907 Stoicae
635 3841 830 3921 disciplinae“
857 3839 927 3918 (Cio.
945 3839 1062 3902 deltis.
1077 3839 1140 3920 14)
1165 3838 1226 3902 fuit
1248 3839 1302 3902 sed

151 3943 189 4004 de
205 3941 305 4003 multis
321 3941 410 4003 rebus
426 3942 591 4003 dissidebat
603 3958 658 4020 pro
675 3940 781 4002 Stoicis
797 3939 911 4019 placitis
925 3934 1000 4000 κατ’
1023 3936 1139 4022 ἐξοχὴν
1161 3938 1302 4001 hocloco

151 4043 260 4103 habere
285 4036 411 4101 licebat?
440 4041 536 4121 Atque
563 4039 639 4101 miro
666 4039 756 4100 modo
781 4036 918 4099 subvenit
938 4036 1018 4117 quod
1044 4055 1100 4116 pro
1126 4035 1303 4099 auctoribus

153 4139 304 4201 doetrinae
319 4138 351 4198 in
366 4144 430 4199 toto
453 4137 510 4198 hoc
531 4136 607 4199 libro
630 4137 723 4199 altero
739 4155 754 4197 a
771 4134 914 4197 Cicerone
936 4134 1066 4196 citantur
1079 4134 1164 4197 Zeno
1185 4135 1303 4214 primns

151 4238 301 4300 secundus
317 4237 483 4308 Cleanthes,
509 4234 645 4316 plurimis
671 4241 769 4297 autam
791 4234 862 4296 locis
881 4233 987 4296 tertius
1003 4233 1186 4315 Chrysippus
1202 4250 1303 4314 neque

152 4345 270 4417 practer
296 4336 351 4398 hos
377 4342 427 4397 aut
452 4343 519 4415 post
540 4334 735 4415 Chrysippum
763 4332 814 4414 qui
834 4332 969 4395 docuerit
990 4339 1113 4412 quartus
1129 4332 1301 4413 quisquam.

153 4435 296 4496 Posidoni
311 4433 423 4496 scilicet
438 4452 527 4513 quem
543 4433 677 4514 quamvis
701 4431 894 4507 ‚damiliarem
909 4435 1019 4492 ευιιιο*6
1041 4427 1078 4493 ἐν
1092 4427 1303 4513 παρεκβάσει
