2902 5040
671 311 909 374 -134-

218 485 346 559 dicetur;
383 503 563 567 quamquam
596 505 635 548 ne
671 489 727 549 boo
763 488 883 568 quidem
909 488 1120 562 confidentium
1149 506 1219 550 uam
1257 487 1358 569 ipsum

218 583 405 647 Aristotelem
429 603 445 647 a
469 585 563 647 Plinio
592 603 693 648 revera
719 587 827 650 lectum
862 604 922 648 nou
957 605 1036 659 esse,
1067 588 1119 649 sed
1141 584 1231 667 Trogi
1257 588 1359 667 potius

218 682 297 745 illam
318 684 557 774 compilationem
579 685 794 747 Aristotelicum
823 685 848 746 si
871 686 920 747 cui
941 703 1126 765 persuasero,
1148 686 1219 747 huic
1240 687 1360 766 compi-

218 780 318 843 lationi
352 784 439 845 etiam
472 802 522 846 res
544 802 636 846 nosse
663 784 733 846 binc
754 784 834 847 illinc
855 785 990 864 quamvis
1013 803 1122 866 paucae
1143 805 1159 847 a
1183 785 1281 865 Trogo
1304 787 1359 848 sd·

218 881 315 960 spergi
337 882 471 962 potuisse
494 882 661 945 credentur.

303 980 506 1044 Amicitiamm
538 989 690 1062 praetores
722 1000 817 1044 unum
850 982 1017 1062 exemplum
1044 981 1156 1044 Plinius
1177 982 1207 1044 in
1223 986 1243 1057 ς
1258 980 1298 1044 94
1323 985 1360 1045 de

219 1079 360 1142 concha
384 1087 414 1141 et
440 1081 592 1162 nauplio
620 1099 655 1142 ex
670 1080 805 1143 blociano
828 1079 939 1160 promit
961 1081 1058 1160 quode
1073 1081 1161 1143 alium
1177 1099 1359 1163 quemquam

219 1177 348 1240 scribere
363 1196 424 1241 non
439 1179 507 1241 ridi.
537 1180 575 1241 At
585 1183 604 1254 ξ
615 1179 655 1242 98
672 1197 739 1242 ecce
754 1179 843 1241 etiam
859 1180 1050 1260 pinoteres
1065 1189 1168 1243 noster
1179 1197 1359 1260 quamquem

219 1276 402 1340 multimodis
424 1285 574 1340 mutatus:
599 1279 766 1358 psitollreroe
792 1290 911 1342 vocetur
935 1282 1071 1342 misimus
1096 1297 1133 1340 esc
1158 1283 1237 1340 omui
1257 1296 1361 1359 pecore

220 1374 273 1455 (sc.
289 1376 484 1458 cancrorum),
508 1378 570 1439 idco
593 1386 768 1458 oppmtuous
787 1380 919 1440 iniuriae.
948 1379 1012 1441 duic
1027 1377 1154 1440 sollertia
1168 1388 1208 1439 est
1228 1381 1361 1440 ι’κσιιίακι

221 1483 380 1539 ostreorum
407 1478 482 1538 lestis
503 1493 532 1537 sc
554 1477 674 1539 cosdore
695 1487 721 1538 at
743 1495 808 1538 cum
831 1481 985 1540 ocmeocrit
1004 1479 1130 1556 miprore
1144 1478 1176 1537 iu
1190 1479 1361 1556 capaciores.

220 1573 323 1637 Edicta
355 1575 427 1637 haec
460 1574 597 1637 videntur
630 1575 777 1655 simulque
810 1572 858 1637 hic
889 1575 947 1637 illic
979 1574 1108 1657 permire
1140 1574 1297 1636 immutata
1324 1593 1362 1636 ex

219 1672 402 1736 Aristotelico
425 1674 490 1734 loco
512 1692 542 1753 p.
562 1673 662 1735 5471}
684 1672 740 1734 25:
775 1666 960 1756 ἐμφύονται
991 1667 1025 1735 δ’
1055 1669 1100 1735 ἐν
1129 1669 1257 1746 ἐνίαις
1286 1673 1363 1736 τῶν

221 1764 560 1856 ὀστρακοδέρμων
590 1773 777 1854 καρκίνοι
807 1770 937 1847 λευκοί,
978 1770 1014 1835 cd
1042 1767 1185 1853 μέγεθος
1218 1767 1364 1855 μικροὶ

220 1864 408 1952 πάμπαν,
454 1869 606 1935 πλείστου
647 1867 708 1954 μὲν
749 1868 782 1934 ἐν
818 1879 888 1944 ταίς
922 1869 1003 1952 μυσί
1038 1879 1109 1943 τοῖς
1143 1866 1363 1945 opionionem,

221 1965 337 2033 ἔπειτα
366 1968 422 2033 καί
452 1967 492 2035 ἐν
521 1978 615 2043 τατς
656 1972 829 2043 πίνναις
866 1965 904 2032 oi
934 1964 1182 2050 καλούμεναι
1213 1989 1365 2033 πιννο-

219 2068 349 2155 cipue.
461 2066 600 2155 αὔξησιν
624 2062 657 2131 δ’
688 2065 844 2152 οὐδεμίαν
861 2068 894 2150 (l)
921 2059 1014 2132 οὗτοι
1043 2065 1205 2152 ἐπίδηλον
1230 2064 1364 2150 λαμβά-

220 2182 348 2234 νουσιν·
386 2167 471 2254 φασὶ
498 2164 529 2232 δ’
564 2164 683 2242 αὐτοὺς
714 2164 747 2232 oi
783 2164 891 2241 αλιοίς
920 2161 990 2249 ἅμα
1019 2168 1240 2245 συγγίνεσθαι
1269 2188 1365 2245 γινο-

219 2269 339 2351 μένοις.
384 2266 561 2332 Hariolsndo
588 2269 613 2331 si
640 2268 710 2350 quid
744 2267 931 2349 proficiamus
964 2274 1062 2329 natam
1095 2267 1216 2329 alteram
1249 2267 1364 2330 discre-

220 2368 352 2449 pantiam
374 2367 498 2430 dixerim
522 2386 555 2430 ex
578 2369 654 2430 varia
676 2368 802 2429 lectione
824 2365 1009 2428 Aristotelian
1032 2365 1099 2428 hac:
1123 2361 1307 2447 ἐμφύονται
1328 2361 1364 2429 δ’

220 2459 256 2530 ἐν
299 2472 435 2538 κενοτς
478 2463 541 2527 τῶν
584 2460 856 2549 ὀστρακοδέρμων
892 2465 944 2541 (so.
982 2459 1167 2547 ὀστράκοις)
1212 2465 1365 2548 καρκίνοι

221 2559 331 2627 λευκοὶ
347 2581 410 2644 cqs.
455 2562 542 2626 Cuius
564 2564 699 2626 lectionis
721 2563 795 2624 fides
817 2562 972 2642 augebitur
993 2563 1023 2624 ni
1039 2563 1123 2626 fallor
1137 2563 1227 2625 alters
1251 2563 1367 2626 discre-

221 2662 322 2744 pantis
337 2661 496 2725 observata.
518 2662 594 2737 Quid
610 2658 712 2726 euim?
735 2662 856 2724 observa
872 2662 944 2723 milri
958 2662 1007 2725 hic
1021 2663 1103 2742 ipsos
1118 2662 1234 2724 codices
1249 2663 1367 2726 Aristo·

223 2759 289 2823 telis
312 2759 392 2822 inter
408 2778 440 2822 se
462 2777 545 2822 more
563 2762 651 2824 solito
671 2758 889 2842 discrepantes:
920 2760 1022 2841 itaque
1044 2778 1128 2824 error
1149 2762 1313 2843 scripturae
1335 2762 1368 2824 in

222 2858 303 2923 libris
326 2859 376 2939 qui
392 2877 458 2921 esse
472 2859 648 2923 credebatur
670 2856 809 2943 αὔξησιν
830 2854 863 2921 δ’
887 2853 1048 2942 ἐπίδηλον
1066 2854 1226 2941 οὐδεμίαν
1249 2851 1368 2934 οὗτος

223 2954 451 3040 λαμβάνουσιν
473 2957 498 3020 is
522 2959 664 3022 indicium
686 2959 748 3022 seri
770 2959 911 3032 eontinet,
935 2976 1003 3021 cum
1026 2958 1207 3039 excerptoris
1228 2959 1368 3022 violentia

224 3073 412 3138 compressus
433 3055 465 3117 in
487 3065 584 3120 artum
607 3076 644 3120 ex
664 3057 710 3119 llis
733 3076 798 3120 esse
814 3055 960 3121 videatur:
987 3052 1125 3139 αὔξησιν
1146 3049 1183 3119 δ’
1205 3054 1369 3140 ἐπίδηλον

130 3199 136 3210 ·
224 3151 383 3236 οὐδεμίαν
412 3150 524 3230 ἐντὸς
546 3152 773 3238 λαμβάνουσιν
797 3152 850 3238 (el
872 3154 922 3239 μή
947 3151 1284 3237 μετοικιζόμενοι
1308 3156 1369 3230 τίς

224 3246 321 3327 rode
358 3249 556 3336 μείζους),
595 3274 670 3336 quae
706 3254 858 3336 aptissime
890 3254 1076 3336 excipientur
1111 3255 1170 3317 his:
1215 3253 1301 3338 φασί
1326 3247 1368 3318 ’δ’

225 3348 343 3426 αὐτοὺς
369 3347 402 3415 oi
428 3346 533 3427 ἁλιεῖς
558 3347 628 3436 ἅμα
650 3354 870 3432 συγγίνεσθαι
895 3353 1089 3437 γινομένοις.

310 3452 367 3516 Sed
389 3471 422 3515 es
445 3471 565 3534 quoque
590 3453 628 3516 de
649 3453 784 3535 pinotere
806 3452 930 3528 Plinius,
954 3471 1030 3532 quae
1052 3451 1152 3514 Stoico
1174 3452 1238 3514 lere
1269 3453 1368 3533 philo·

226 3553 319 3634 sopho
341 3553 512 3634 placuerant
534 3557 552 3627 ξ
571 3551 645 3613 tta:

327 3651 505 3715 concharum
521 3651 635 3732 generis
658 3652 741 3733 pina
758 3657 809 3714 est.
849 3651 1032 3713 Nascitur
1053 3648 1091 3711 iu
1113 3649 1258 3712 limosis
1280 3650 1369 3713 sub-

327 3759 433 3814 recta
455 3767 583 3832 semper,
613 3768 865 3832 necunquam
887 3750 965 3812 siue
988 3748 1138 3822 comite,
1168 3767 1256 3828 quem
1278 3749 1369 3829 pino·

327 3849 430 3912 theron
445 3859 559 3922 vocant,
576 3851 623 3915 alii
643 3849 938 3932 pinophplacem,
961 3849 995 3911 id
1011 3855 1067 3910 est
1082 3846 1221 3927 squilla
1242 3866 1368 3929 parva,

328 3947 445 4012 aliubi
468 3967 618 4025 cancer,
642 3949 726 4031 dapis
748 3949 923 4011 adsectator.
968 3946 1074 4010 Pandit
1095 3966 1128 4010 se
1148 3946 1218 4026 pins
1246 3947 1367 4010 lumini-

327 4047 385 4111 bus
407 4049 513 4112 orbum
537 4067 643 4131 corpus
664 4050 746 4112 intus
769 4047 889 4110 minutis
911 4045 1041 4128 piscibus
1064 4044 1215 4127 praebens.
1260 4046 1369 4109 Adeul·

328 4156 393 4211 taut
414 4147 455 4210 illi
475 4148 613 4229 protinus
636 4156 665 4211 et
686 4146 737 4211 ubi
760 4146 876 4209 licentia
893 4145 1012 4208 audacia
1028 4143 1131 4218 crevit,
1152 4143 1278 4224 implent
1292 4163 1368 4208 eam.

328 4247 392 4309 lloc
413 4253 532 4327 tempus
548 4247 716 4326 speculatus
738 4245 828 4309 iudex
844 4261 946 4307 morsu
961 4243 1017 4306 levi
1032 4241 1187 4321 significat.
1218 4242 1271 4305 illa
1285 4262 1370 4306 com-

329 4345 478 4426 prehenso
501 4344 643 4426 quidquid
665 4345 786 4409 inclusit
808 4344 956 4408 examinat
970 4351 1146 4424 partemque
1161 4341 1240 4404 socio
1254 4342 1368 4406 tribuit

230 4443 380 4509 l'raeclnre
421 4444 516 4528 prims
558 4442 677 4527 quidem
712 4443 905 4509 aristotelicis
942 4441 1038 4504 serbis
1075 4441 1259 4521 respondent
1294 4460 1369 4523 quae
