2902 5040
659 320 899 385 -140-

315 513 404 577 quare
442 496 557 559 nullum
591 496 662 558 lacit
698 496 801 558 nidum
825 494 956 576 *alioqui
988 472 1175 576 trepidum
1210 494 1353 557 animal.
1390 497 1393 500 ’

315 596 450 658 Educat
472 614 540 674 erga
563 595 749 658 subditum
773 596 935 658 adulterato
957 595 1033 657 leta
1055 594 1153 664 nida,
1182 687 1184 691 ¹

215 728 302 789 babet
314 727 486 789 Aristoteles
498 727 528 788 in
540 746 568 807 p.
581 725 676 789 utcu
689 727 745 788 25:
763 724 855 788 δοκεῖ
866 720 900 787 δ’
913 716 930 787 ὁ
944 723 1061 797 κόκκυξ
1071 723 1232 809 φρόνιμον
1243 729 1356 785 ποιεί-

215 823 374 909 σθαιτὴν
391 827 559 888 τέκνωσιν.
588 823 647 887 διὰ
668 822 730 908 γὰρ
753 822 790 887 τὸ
815 822 1048 888 συνειδέναι
1073 819 1160 906 αὐτῷ
1185 821 1243 905 τὴν
1269 819 1355 884 δει-

214 921 305 987 λίαν
333 922 390 987 καὶ
420 918 471 986 ὅτι
501 919 559 985 οὐκ
588 919 629 986 ἄν
657 917 793 987 δύναιτο
822 923 1007 1005 βοηθῆσαι,
1038 920 1097 985 διὰ
1122 919 1219 983 τοῦτο
1245 911 1355 1002 ὥςπερ

213 1018 543 1105 ὑποβολιμαίους
565 1029 661 1084 ποιεῖ
675 1019 751 1094 τοὺς
773 1018 890 1084 ἑαυτοῦ
905 1019 1053 1095 νεοττοὺς
1076 1025 1141 1084 ίνα
1156 1016 1353 1103 σωθῶσιν.

213 1115 280 1204 τήν
307 1117 371 1205 γὰρ
400 1117 557 1184 δειλίαν
586 1115 788 1204 ὑπερβάλλει
818 1120 913 1183 τοῦτο
938 1118 975 1184 τὸ
1002 1117 1125 1202 ὄρνεον·
1165 1114 1354 1180 τίλλεται

212 1218 284 1298 γὰρ
309 1211 386 1282 ὑπὸ
412 1211 486 1282 τῶν
511 1218 659 1302 μικρῶν
685 1216 830 1302 ὄρνεον
856 1217 912 1281 καὶ
935 1216 1050 1303 φεύγει
1076 1212 1167 1281 αὐτά.
1199 1217 1235 1278 m
1250 1236 1276 1277 v.
1294 1212 1353 1276 12:

213 1310 299 1380 ἄλλ’
326 1315 370 1381 έν
397 1311 441 1380 οὗ
466 1314 511 1381 ἂν
536 1313 624 1401 τέκῃ
651 1317 811 1397 νεοττιᾷ
835 1312 951 1392 οὗτος
977 1315 1086 1401 ὄρνις
1111 1310 1354 1378 ἕκκολάπτει

136 1481 137 1484 ,
214 1414 287 1478 καὶ
314 1418 459 1501 τρέφει.
495 1417 580 1497 Apud
596 1417 722 1479 Plinium
746 1417 815 1498 quia
836 1417 950 1480 etiamsi
978 1427 1004 1480 et
1025 1417 1134 1498 alioqui
1153 1415 1262 1476 inieras
1284 1430 1354 1474 sen-

212 1534 264 1577 sus
279 1533 384 1596 parum
399 1517 524 1588 iuvatur,
541 1535 702 1595 sequamur
713 1516 898 1578 Aristotelem
913 1515 976 1578 lere
990 1514 1029 1578 ita
1042 1514 1143 1577 velim:
1159 1513 1234 1574 Adeo
1250 1516 1352 1594 quippe

213 1616 353 1695 trepidum
386 1615 503 1676 animal.
548 1614 641 1675 Pcrrc
674 1615 710 1676 iis
745 1633 820 1695 quae
855 1622 1014 1694 supersunt
1046 1613 1143 1676 tabula
1165 1611 1199 1672 lit
1221 1609 1355 1672 doctrina

213 1713 395 1775 Aristotelis:

314 1825 364 1886 llle
385 1825 488 1887 avidus
511 1845 546 1887 ex
568 1833 673 1888 natura
706 1825 886 1906 praeripit
912 1826 1013 1888 cibas
1044 1824 1164 1905 reliquis
1187 1821 1274 1903 pullis
1297 1820 1355 1882 ita-

313 1943 371 2005 que
393 1925 559 2004 pinguescit
582 1932 611 1986 et
633 1923 777 1986 nitidus
799 1923 838 1986 in
872 1945 909 1986 se
943 1923 1131 1986 nutricem
1154 1920 1355 1996 convertit;

312 2023 377 2084 illa
411 2024 547 2103 gaudet
580 2025 657 2086 eius
691 2024 812 2104 specie
846 2023 1029 2104 miraturque
1060 2042 1126 2085 sese
1158 2022 1252 2102 ipsam
1274 2019 1355 2099 quad

312 2123 400 2185 talem
415 2124 572 2204 pepererit.
610 2108 709 2185 Suus
725 2124 946 2203 comparatione
968 2123 1030 2185 eius
1047 2123 1166 2185 damnat
1188 2127 1221 2183 ut
1243 2118 1355 2181 alienus

312 2220 516 2302 absumique
540 2223 628 2284 etiam
650 2241 682 2283 se
704 2221 892 2301 inspectante
913 2221 1058 2302 patitur
1088 2221 1205 2282 donec
1234 2216 1355 2280 corri-

312 2319 390 2398 piat
411 2320 528 2400 ipsam
551 2338 670 2401 qnoque
692 2319 749 2381 iam
774 2320 887 2382 volandi
909 2330 1026 2400 pateus.

213 2442 383 2505 Aristoteles
407 2444 486 2506 enim
509 2444 601 2506 varias
625 2459 804 2526 componere
825 2445 987 2507 sententias
1011 2442 1081 2507 satis
1103 2441 1192 2505 hahet
1212 2461 1241 2522 p.
1259 2440 1353 2504 ctat

216 2540 340 2623 13sqq.:
363 2551 412 2604 aut
426 2543 463 2605 ab
478 2560 531 2605 ave
544 2543 602 2605 leta
617 2544 713 2624 pullos
727 2563 797 2606 suos
814 2543 867 2606 eici
882 2544 926 2606 vel
942 2544 1068 2606 interfici
1085 2543 1193 2624 quippe
1209 2539 1303 2622 magis
1320 2559 1353 2603 ea

213 2642 358 2720 gaudente
393 2643 488 2706 cuculi
520 2643 632 2724 specie,
666 2652 715 2706 aut
737 2663 754 2706 a
775 2645 895 2726 parvula
919 2645 1024 2707 cuculo
1058 2643 1186 2705 aviculae
1219 2641 1355 2704 devorari

214 2740 322 2821 pullos,
338 2751 389 2805 aut
403 2743 503 2823 patius
519 2742 618 2805 cibum
634 2743 760 2825 praeripi
780 2744 817 2806 ab
832 2765 866 2807 eo
880 2745 920 2807 ita
936 2753 969 2807 ut
983 2748 1061 2807 lame
1076 2741 1181 2824 reliqui
1195 2729 1355 2802 intereant.

213 2840 250 2900 Δί
273 2859 343 2903 veru
361 2860 432 2904 voce
453 2845 608 2922 pinguescit
622 2841 749 2923 scriptor
771 2843 879 2906 latinus
895 2844 931 2905 ad
947 2841 1112 2905 Aristotelis
1133 2841 1231 2933 locum
1255 2857 1356 2901 rever-

213 2938 287 3000 titur
296 2932 442 3020 priorem,
458 2939 508 3003 ubi
522 2949 567 3003 est
579 2961 607 3022 p.
621 2941 713 3003 scat
727 2942 761 3004 3:
775 2944 900 3023 γίνεται
916 2940 953 3005 δὲ
968 2943 1067 3013 πίων,
1082 2941 1213 3022 itemque
1230 2958 1265 3001 ea
1278 2937 1356 3000 Plini

213 3039 360 3100 sententia
393 3058 450 3119 qua
474 3039 510 3102 de
533 3041 637 3102 cucula
661 3041 820 3122 disputatio
848 3041 1011 3103 clauditur:
1047 3037 1129 3100 nullu
1158 3047 1225 3099 tuac
1255 3040 1355 3099 οοιύιιι

212 3141 352 3201 suavitate
374 3140 470 3199 carnis
490 3146 673 3219 eomparatur
690 3138 742 3213 illi,
765 3139 843 3201 idem
867 3140 923 3201 iste
946 3139 1027 3200 lacus
1049 3135 1194 3223 repetitur
1217 3135 1268 3216 qui
1290 3141 1353 3196 est:

212 3236 338 3312 γίνεται
362 3234 399 3299 δὲ
425 3237 586 3300 πίωνκαὶ
611 3227 815 3320 ἧδιίκρεως
837 3233 938 3300 κατὰ
959 3236 1099 3298 τοῦτον
1119 3233 1184 3298 τὸν
1210 3231 1355 3315 καιρὸν

213 3329 400 3416 μάλιστα.
438 3333 492 3396 Ars
509 3342 617 3415 aperta,
640 3344 774 3415 apertum
798 3337 928 3398 studium
951 3334 1111 3416 elegantiae
1132 3353 1191 3415 quo
1207 3333 1239 3394 in
1255 3340 1353 3395 artum

213 3435 332 3495 collecta
354 3433 520 3496 Aristotelis
542 3434 690 3497 volumina
712 3435 780 3497 sint.

297 3533 489 3595 Examinetur
523 3532 653 3595 eiusdem
678 3533 753 3594 Plini
787 3533 855 3595 libri
877 3533 967 3596 etiam
990 3531 1082 3608 §322
1119 3530 1207 3593 Corvi
1230 3535 1354 3611 pariunt

214 3651 278 3694 ευυι
305 3631 463 3713 plurimum
488 3636 601 3712 quinae·
635 3631 806 3696 Aristoteles
827 3653 855 3713 p.
872 3632 971 3695 618ss
991 3631 1027 3692 13
1050 3631 1105 3693 ita:
1138 3631 1240 3692 τίκτει
1271 3624 1304 3692 δ’
1335 3623 1354 3692 ὁ

213 3728 314 3815 κόραξ
339 3728 395 3792 καὶ
420 3732 558 3814 τέτταρα
584 3729 640 3792 καὶ
666 3733 774 3794 πέντε.
818 3731 929 3793 Deinde
951 3748 1052 3792 reruz'
1109 3767 1110 3772 ι

313 3875 375 3919 ore
399 3874 470 3918 eos
492 3867 651 3937 parere
673 3866 744 3919 aut
772 3857 893 3920 coire
916 3856 1072 3934 vulgus
1096 3853 1353 3920 arbitratur

312 3955 503 4036 ideaque
554 3955 761 4036 gravidas
815 3956 851 4018 si
902 3955 1081 4018 ederint
1124 3956 1352 4019 corvinum

254 4080 257 4085 ·
314 4071 623 4135 erumperes
660 4064 830 4134 partum
862 4055 1049 4119 reddere
1082 4063 1170 4136 atque
1196 4056 1227 4117 in
1253 4062 1351 4119 totum

314 4152 472 4216 difficulter
493 4170 595 4234 parere
617 4152 642 4214 si
664 4162 742 4217 tectu
764 4155 945 4231 inferantur3
979 4154 1256 4217 Aristoteles
1278 4164 1352 4218 n'e-

285 4262 401 4334 tgat:
436 4272 519 4316 non
552 4254 734 4317 hercule
763 4255 897 4336 magia
930 4240 1048 4335 quam
1082 4254 1124 4316 in
1156 4255 1351 4337 Aegypto

288 4350 1350 4437 ribim3sedillamexosculationemquaesaepe

288 4444 520 4516 1cernitur
551 4455 720 4537 qualem
752 4456 784 4516 iu
817 4451 1033 4517 columbis
1066 4469 1178 4525 esse,
