2902 5040
663 297 902 363 ..144-

797 466 868 558 φροέ
896 474 1047 556 legebatur
1087 475 1249 559 στέριφας
1288 475 1353 538 ideo

798 574 960 655 particulae
982 573 1039 638 καλ
1053 575 1142 639 latine
1158 574 1353 641 substitutum

798 681 843 736 eet
857 674 939 737 alim.
973 675 1077 738 Veram
1091 675 1249 737 lectionem
1263 674 1353 737 Athe-

796 791 889 835 naeus
911 771 1031 835 teuebat
1045 772 1186 854 peter.
1215 773 1354 837 Similiter

796 874 845 933 Ατ.
860 892 889 952 p.
899 871 993 933 631l
1011 871 1048 933 13
1074 891 1129 952 pre
1144 867 1256 948 ἁλιεὺς
1271 872 1353 952 lege-

739 1020 742 1025 .
796 971 883 1035 batur
918 969 1074 1051 βασιλεὺς
1109 971 1166 1053 (ci.
1201 971 1354 1052 Mentigny

795 1089 823 1150 p.
839 1070 903 1145 67),
926 1077 956 1132 et
970 1089 999 1150 p.
1015 1070 1107 1133 622Α
1123 1069 1163 1132 30
1186 1065 1245 1133 οὐκ
1259 1063 1353 1132 ἐλάτ-

794 1159 866 1231 τον’
879 1162 983 1230 ἐνίοτε
994 1173 1028 1231 cl.
1042 1170 1116 1231 Plin.
1128 1169 1168 1231 lll
1179 1170 1237 1232 54:
1254 1169 1353 1231 crebre

794 1267 921 1348 delphini
932 1269 1155 1348 mapeituiiuem
1169 1269 1323 1331 emcedeeti.

212 1396 303 1475 (llaec
349 1395 455 1459 iterum
492 1396 602 1458 emissa
644 1394 767 1459 consilio
795 1389 922 1456 ἔστιδὲ
948 1388 968 1457 e‘
993 1390 1120 1478 ἄρρην
1146 1387 1353 1457 ποικιλώ-

212 1494 350 1557 ridentur
371 1495 482 1576 quippe
503 1495 561 1556 iam
585 1498 603 1570 ξ
624 1492 664 1556 84
694 1495 768 1556 lecta
794 1512 907 1575 τερος
932 1491 999 1554 καὶ
1025 1485 1274 1574 μελάντερος
1293 1486 1353 1556 τὸν

213 1601 241 1653 et
264 1593 385 1674 quidem
407 1594 463 1656 ita:
485 1596 651 1674 saepiarum
670 1596 770 1674 pectere·
795 1591 898 1655 νῶτον
1400 1587 1403 1592 ’

211 1709 306 1753 mures
327 1692 418 1770 magis
439 1695 524 1754 varii.
536 1701 563 1753 et
584 1693 747 1773 uiprieres.)

211 1830 341 1912 polypi
419 1830 538 1893 hieme
612 1837 765 1895 cocunt
794 1827 989 1908 p544n7:
1020 1821 1110 1890 ὅδὲ
1139 1819 1353 1901 πολύπους

210 1930 364 2010 pariunt
405 1948 490 1992 vere
535 1949 596 1993 cra
640 1928 765 1991 tortili
794 1921 983 2006 ὄχεοεται
1026 1927 1097 1990 τοῦ
1138 1929 1354 2009 χειμῶνος,

210 2027 350 2091 vibrata
372 2029 554 2109 pampino,
792 2028 923 2088 τίκτει
938 2023 1068 2088 dicei
1090 2021 1243 2141 ἔαρος
1224 2047 1279 2088 ατε
1294 2026 1351 2087 καὶ

461 2148 464 2155 ’
793 2119 934 2206 φωλεοει
948 2123 1025 2204 περὶ
1039 2119 1231 2207 δύοριῇνας
1247 2128 1351 2187 τίκτει

755 2267 756 2271 ,
793 2219 831 2284 <li
858 2220 901 2285 τὸ
938 2214 1015 2306 ρι’ὁν
1054 2218 1246 2307 καθάπερ
1276 2225 1352 2304 βο-

792 2315 888 2403 cupri
894 2341 985 2400 χιον
1006 2314 1129 2403 ὅμοιον·
1141 2321 1189 2406 τῷ
1202 2323 1260 2405 τῆς
1273 2320 1351 2385 λεο-

792 2419 848 2503 κῆς
874 2417 1001 2503 κάρπῳ.
1041 2417 1194 2482 ἔστιδὲ
1220 2413 1349 2485 neiri-

791 2537 913 2594 γονον
941 2516 977 2580 τὸ
1010 2514 1108 2602 ζῷον·
1138 2515 1174 2580 ἐκ
1202 2519 1265 2602 γὰρ
1289 2521 1350 2584 τοῦ

792 2611 1113 2698 ἆποτικτομένοο
1091 2639 1265 2700 απειρον
1296 2621 1349 2701 γί-

791 2735 882 2778 νεται
907 2711 1078 2799 πλῆθος.

209 2776 763 2893 tantafecunditateutmulti-
789 2826 969 2908 p.5:50n1
984 2825 1348 2912 τὸδὲπλῆθοςέχει

208 2929 378 2992 tudinem
394 2945 542 2991 ererum
565 2928 675 2991 *eccisi
689 2946 763 2991 nen
789 2927 964 2989 τοσαῦτα
984 2922 1038 2988 <te
1058 2921 1127 3000 ὥςτ
1129 2923 1349 3011 ἐξαιρεθέν-

208 3029 397 3109 recipiant
419 3047 505 3090 cave
532 3028 668 3109 capitis
695 3046 763 3107 quo
790 3044 855 3087 ταν
891 3022 1192 3106 ἐμπίμπλαται,
1212 3021 1350 3104 ἀγγεῖον

208 3134 456 3207 praegnantes
484 3128 616 3190 tulere.
652 3126 764 3206 (ltaque
791 3119 927 3206 πολλῷ
956 3119 1194 3207 petieratis
1219 3146 1349 3208 κεφα-

207 3225 335 3305 scriptur
386 3225 496 3288 latinus
550 3234 579 3287 et
638 3225 765 3307 parietes
791 3218 858 3305 λῆς
887 3219 928 3285 ἐν
956 3209 978 3304 ᾗ
1007 3220 1087 3302 ἔχει
1118 3225 1229 3304 (petius
1267 3226 1346 3303 εἶχε)

208 3341 349 3403 specuum
372 3332 402 3385 et
427 3325 577 3386 vasculum
599 3325 764 3386 emissurus
790 3319 837 3382 τὰ
867 3315 931 3405 ᾠά.

207 3439 270 3482 rem
300 3422 406 3484 leniter
431 3423 606 3486 immutavit.
651 3424 764 3485 Tamen

208 3523 292 3583 eccisi
332 3519 413 3582 omni
462 3539 550 3584 sensu
589 3522 763 3585 destitutum

207 3625 266 3696 est3
288 3619 434 3708 flagitatur
455 3621 549 3700 αιτιοι)

206 3743 247 3805 Εε
304 3744 507 3807 excludunt
570 3745 771 3826 quinqua·
789 3743 831 3807 τὰ
859 3742 919 3826 μὲν
955 3739 1013 3808 οὖν
1047 3746 1112 3808 τῶν
1142 3686 1345 3811 nolentum

205 3843 343 3921 gesimo
370 3843 439 3917 die,
472 3844 639 3925 equibus
636 3843 761 3906 multa
788 3835 884 3924 μεθ’
911 3838 1072 3927 ἡμέρας
1083 3840 1226 3926 μαλιστα
1247 3867 1345 3910 πεν

206 3952 359 4022 prepter
418 3960 576 4006 numerum
640 3945 761 4005 inter·
786 3939 964 4025 τήκοντα
1006 3946 1165 4020 γίνεται
1206 3940 1346 4008 ἐκτιῖν

206 4040 346 4104 cidunt.
381 4062 384 4070 ’
787 4035 1041 4124 ἀπορραγέντων
1063 4034 1272 4106 πολοπόδια·
1300 4036 1345 4108 ὧν

787 4136 806 4223 ἡ
833 4138 894 4222 μὲν
920 4135 1001 4201 καθ’
1018 4143 1140 4203 ἕκαστα
1155 4138 1255 4225 φύσις
1280 4142 1344 4205 τῶν

688 4261 691 4267 ·
786 4234 890 4320 μελῶν
903 4235 997 4301 οὔπω
1011 4235 1182 4322 διάδηλος,
1195 4237 1218 4323 ἡ
1234 4236 1267 4302 δ’
1283 4235 1342 4322 ὅλη

745 4386 746 4391 1
784 4336 896 4422 μορφὴ
927 4336 1064 4422 φανερά.
1110 4336 1183 4400 διὰ
1218 4337 1255 4400 δὲ
1284 4338 1343 4422 τὴν

654 4453 675 4483 ,·
784 4436 966 4520 μικρότητα
991 4437 1047 4499 καὶ
1076 4435 1135 4521 τὴν
1159 4433 1343 4501 ἀσθένειαν
