2902 5040
579 327 776 392 ..3...

103 502 353 566 demonstraverit
386 506 427 584 (p.
446 505 565 580 xxix);
600 506 741 567 nimirum
775 506 954 566 novantibus
989 504 1068 568 credi
1102 509 1165 570 sine
1194 510 1248 570 de-

106 605 324 666 monstratione
356 623 424 665 vera
458 613 546 684 atque
575 624 672 666 severa
703 623 764 666 non
791 613 907 684 poterat
942 606 1140 687 Sterniusque
1169 610 1249 688 quod

105 701 153 762 bis
177 703 283 763 erravit
310 704 477 765 laudabitur
505 704 603 782 potius
626 723 716 783 quam
739 703 933 764 accusabitur.
977 705 1038 764 lam
1061 706 1188 767 alterum
1213 708 1249 768 do

105 800 264 880 Calpurnio
281 821 414 863 errorem
429 802 580 863 verissima
595 803 715 863 tandem
732 801 983 863 demonstratione
1005 802 1041 862 M.
1065 804 1249 883 llauptius

105 900 242 975 sustulit3
264 901 496 976 Halieuticoruru
518 909 620 962 contra
644 920 680 962 ne
700 902 764 980 ipse
781 901 899 980 quidem
921 900 976 960 nisi
992 901 1114 962 editioni
1129 922 1248 978 operam

104 999 223 1060 navavit
244 1001 295 1060 tali
318 1019 374 1078 qua
395 1000 540 1079 hodieque
561 1000 669 1060 horum
686 999 850 1060 carminum
867 999 1001 1058 tractatio
1017 1001 1130 1075 nititur,
1153 1009 1248 1062 artem

103 1115 177 1157 vero
201 1096 324 1159 Ovidine
347 1117 449 1160 revera
472 1106 550 1158 esset
573 1116 715 1176 quaerere
737 1115 800 1158 non
823 1098 941 1158 vacabat
963 1097 1178 1179 Heinsiumque
1201 1118 1249 1162 se-

105 1204 193 1256 cutus
215 1198 252 1257 ad
273 1197 367 1275 ipsam
391 1196 466 1257 Plini
488 1197 652 1275 gravissimi
674 1197 801 1257 auctoris
825 1195 1063 1257 testificationem
1088 1199 1248 1276 confugere

105 1294 179 1354 satis
201 1293 336 1355 habebat.
374 1295 452 1366 Quin
475 1294 563 1356 etiam
586 1303 667 1356 tanta
691 1295 754 1355 eius
776 1295 876 1372 religio
900 1302 933 1354 ut
955 1294 1133 1356 credendum
1150 1296 1246 1358 Plinio

105 1410 173 1453 esse
195 1393 306 1454 diceret
328 1392 415 1453 etiam
439 1393 465 1453 si
486 1393 669 1454 inveniretur
690 1394 831 1472 aliquid
854 1394 884 1454 in
907 1394 953 1454 bis
978 1393 1111 1455 versibus
1130 1396 1209 1474 quod
1232 1414 1249 1456 a

104 1490 223 1551 Nasone
246 1510 297 1552 eos
319 1509 381 1552 non
403 1492 551 1571 proiectos
575 1511 640 1553 esse
663 1501 762 1553 certo
785 1501 960 1570 argumento
983 1492 1136 1554 indicaret.
1170 1493 1249 1566 Quid

103 1586 218 1667 igitur?
262 1590 358 1650 Statui
382 1590 495 1651 volebat
522 1592 665 1652 amissum
689 1610 791 1652 verum
814 1591 991 1652 halieuticon
1014 1592 1152 1652 volumen
1175 1610 1248 1667 esse,

105 1687 159 1766 qui
181 1706 250 1747 vero
273 1689 309 1748 ad
332 1706 388 1749 nos
410 1689 617 1768 pervenissent
639 1708 742 1751 versus
766 1690 802 1749 de
825 1691 955 1768 piscibus
980 1697 1010 1749 et
1031 1690 1102 1750 feris
1124 1709 1159 1750 ex
1174 1691 1248 1769 ipsis

103 1785 183 1845 Plini
210 1787 354 1866 excerptis
383 1794 519 1866 sumptos
545 1806 560 1848 a
589 1787 705 1851 falsario
728 1809 792 1850 esse
821 1798 850 1848 et
881 1790 1022 1850 adauctos
1049 1788 1112 1848 aliis
1143 1787 1246 1867 (praei.

104 1903 154 1963 pg.
178 1883 243 1963 XX)
267 1921 307 1929 -
329 1904 418 1963 quam
440 1894 540 1946 tamen
563 1887 762 1948 coniecturam
784 1887 922 1948 facillime
946 1887 1051 1949 elevari
1075 1905 1162 1965 posse
1185 1888 1248 1966 ipse

104 1981 217 2042 ibidem
245 1983 373 2043 ostendit
402 2002 499 2062 neque
525 2002 580 2045 nos
608 2004 672 2046 eam
696 1985 886 2046 morabimur.
932 1986 1022 2046 Nobis
1046 1995 1144 2045 autom
1168 1986 1247 2064 quod

105 2079 194 2140 simul
217 2088 276 2142 tam
300 2081 484 2142 confidenter
506 2091 534 2142 et
557 2091 616 2144 tam
640 2083 771 2144 breviter
792 2085 836 2144 vir
858 2102 993 2144 summus
1016 2083 1158 2143 iudicium
1178 2083 1247 2145 tulit

106 2179 267 2240 dolendum
290 2179 410 2260 quidem
435 2188 513 2241 esset
534 2182 592 2241 nisi
615 2200 803 2261 speraremus
825 2187 888 2244 tore
911 2191 944 2242 ut
966 2182 997 2242 in
1019 2181 1168 2242 reiciendo
1190 2182 1248 2242 isto

107 2277 215 2346 iudicio
243 2279 305 2340 eius
333 2278 424 2358 ipsius
455 2279 574 2357 vestigia
603 2300 656 2360 pro
686 2290 788 2342 nostra
812 2282 949 2342 facultate
972 2298 1109 2360 premere
1132 2279 1247 2340 videre-

108 2394 182 2438 mur.
227 2377 429 2456 Praeterlapsa
463 2378 568 2438 exinde
596 2388 662 2439 octo
692 2379 755 2440 fere
785 2381 892 2453 lustra,
927 2378 1036 2459 quibus
1065 2395 1162 2457 neque
1184 2378 1248 2457 ipse

108 2486 157 2536 aut
180 2476 304 2537 mutavit
326 2484 378 2538 aut
401 2477 585 2538 confirmavit
608 2478 786 2538 sententiam
812 2497 894 2540 suam
918 2477 967 2555 (ot.
992 2478 1037 2537 ed.
1054 2477 1246 2555 Metamorpb.

106 2573 197 2652 praef.
221 2592 249 2652 p.
274 2573 306 2652 8)
334 2592 431 2653 neque
459 2575 532 2635 alios
563 2594 627 2636 eam
651 2583 702 2637 aut
725 2576 902 2636 confirmare
925 2582 976 2636 aut
998 2575 1150 2635 confutare
1173 2575 1248 2635 vidi-

107 2689 192 2744 mus3
215 2690 289 2752 quae
306 2690 374 2733 vero
397 2673 523 2733 iudicata
546 2674 610 2734 sine
634 2674 891 2735 demonstratione
914 2681 985 2734 sunt
1004 2673 1170 2733 adscribere
1188 2691 1248 2733 non

108 2788 182 2849 opus
211 2777 264 2836 est.
311 2770 457 2842 Quoniam
486 2791 555 2832 vero
585 2772 621 2831 ab
644 2771 727 2832 Ovidi
755 2773 881 2833 lectione
909 2772 945 2831 ad
974 2769 1135 2831 Halieutica
1164 2789 1249 2830 aoce-

107 2868 211 2930 dentes
237 2870 343 2930 eodem
365 2870 441 2939 fere,
469 2887 526 2947 quo
560 2869 713 2930 Barthium
741 2870 897 2950 abreptum
926 2868 1039 2940 vidisti,
1070 2868 1249 2945 indignatio-

106 2966 151 3027 nis
172 2967 292 3047 ·impctu
326 2967 443 3028 iuvenili
466 2967 560 3046 abripi
593 2985 648 3028 nos
677 2987 795 3047 quoque
825 2968 985 3039 sensimus,
1019 2967 1077 3027 iam
1101 2967 1248 3027 senectuti

105 3065 188 3126 locus
220 3065 334 3126 dandus
365 3073 427 3127 erat
456 3065 497 3126 illi
526 3085 614 3144 quam
637 3064 836 3148 prnpdtoyov
858 3065 959 3126 dicunt
981 3065 1247 3145 quaerendumque

106 3163 176 3241 quid
198 3163 317 3224 tandem
341 3164 537 3224 sensissemus
561 3172 589 3224 et
613 3172 713 3226 utrum
737 3165 848 3243 aliquid
873 3172 949 3225 esset
973 3183 1011 3224 an
1034 3164 1105 3224 nibil
1127 3172 1156 3224 et
1172 3181 1248 3242 quae

105 3269 283 3342 apparerent
311 3262 494 3324 differentiae
523 3264 666 3325 sermonis
695 3282 767 3325 num
798 3262 869 3323 satis
893 3261 1029 3341 explicari
1051 3267 1174 3340 possent
1197 3269 1250 3322 aut

105 3380 139 3420 ex
164 3361 312 3422 debilitate
334 3361 575 3422 consenescentis
599 3370 704 3441 poetae
726 3371 777 3423 aut
800 3380 835 3421 ex
857 3358 977 3421 materia
1002 3359 1140 3419 carminis
1156 3357 1246 3419 nimis

105 3459 196 3520 ardua
219 3468 271 3520 aut
293 3460 422 3541 denique
444 3479 480 3519 ex
493 3466 638 3538 utroque.

189 3557 307 3619 Primus
329 3559 410 3619 locus
434 3557 595 3619 debebatur
616 3558 658 3618 rei
681 3556 862 3636 simpliciori,
885 3555 941 3615 hoc
964 3562 1009 3616 est
1025 3555 1173 3616 metricae.
1203 3555 1248 3615 Ad

104 3674 168 3717 earn
199 3657 376 3735 pertinentia
406 3656 560 3737 composui
586 3662 654 3716 ante
685 3656 738 3716 hos
768 3656 842 3716 duos
871 3672 966 3714 annos
998 3653 1029 3714 in
1056 3653 1152 3713 libello
1181 3672 1247 3714 meo

107 3755 151 3815 Ad
186 3755 339 3817 historiam
374 3755 536 3819 hexametri
567 3753 649 3815 latini
683 3752 815 3833 symbola
845 3771 873 3832 p.
897 3753 937 3811 55
957 3770 1021 3831 sqq.
1066 3752 1110 3810 Ex
1140 3750 1247 3830 quibus

63 3863 64 3866 ’
105 3852 175 3931 quid
200 3853 439 3914 concludendum
464 3860 540 3914 esset
563 3853 660 3913 dicere
682 3852 790 3912 ibidem
821 3868 883 3928 non
911 3849 1038 3910 dubitavi
1067 3866 1246 3928 quamquam

106 3950 177 4011 mibi
199 3950 295 4030 legere
309 3970 369 4013 non
384 3952 506 4013 licuerat
525 3969 711 4031 programma
729 3949 808 4028 quod
831 3948 963 4020 Veronae
979 3945 1138 4026 publicavit
1160 3946 1248 4005 Zin-
1314 3959 1323 3976 ⁴

105 4051 208 4128 genle
230 4067 309 4110 anno
335 4049 415 4111 1865
438 4049 479 4110 De
497 4049 621 4109 Halieut.
645 4049 809 4125 fragmento
833 4046 935 4107 Ovidio
958 4062 1019 4105 non
1042 4043 1244 4106 abiudicando.

103 4147 448 4227 Intellexeramquidem
473 4145 714 4208 benemeritam
743 4164 806 4206 esse
835 4146 929 4205 virum
959 4144 1080 4205 doctum
1111 4141 1146 4200 de
1175 4160 1246 4200 sen-

105 4245 205 4307 tentiis
229 4246 445 4307 elocutionibus
468 4245 647 4324 vooibusque
669 4251 824 4324 poetarum
853 4242 942 4303 unius
973 4242 1115 4318 cuiusque
1142 4237 1245 4318 singu-

105 4344 428 4406 laribusobservandis
459 4352 488 4405 et
516 4344 595 4404 inter
624 4357 655 4403 se
686 4341 890 4421 comparandis
919 4341 998 4401 unde
1030 4356 1087 4410 ree,
1121 4336 1246 4397 minime

106 4443 204 4517 dubia,
232 4443 431 4505 illustraretur
458 4452 488 4504 et
510 4441 758 4503 consuetudinem
783 4441 858 4520 apud
881 4448 984 4519 poetas
1006 4437 1101 4498 valere
1124 4442 1155 4496 et
1176 4435 1244 4494 imi-

996 4540 1009 4590 1
1017 4538 1032 4570 ’lt
