2902 5040
647 279 887 342 -106-

195 459 339 519 demittere
356 457 487 517 umbreae
507 457 547 516 ita
571 456 680 516 dietum
698 463 743 516 est
759 466 791 517 ut
813 457 928 518 laudem
951 457 1081 536 aliquam
1104 464 1232 518 mereret
1254 466 1341 536 poeta

195 557 321 618 multum
330 556 415 617 nobis
424 555 594 632 obiurgatus
604 556 713 635 quippe
726 563 794 635 apte
807 556 853 616 ille
865 556 996 617 imitatus
1009 555 1340 633 geometricos„lineam

194 653 403 715 demittentes“
418 653 543 732 (Vitruri
554 653 592 713 lll
605 655 634 726 5,
647 655 689 732 5).
720 655 874 733 loquendi
891 674 962 715 usus
984 654 1177 733 scriptoribus
1200 672 1340 716 comanu-

194 755 240 815 nis
257 753 305 814 bic
320 752 399 832 quod
415 752 577 831 gaudent
600 753 738 831 aquatilia
753 754 855 832 pelago
872 755 915 814 vel
937 755 1129 816 laetantur
1150 772 1239 815 arena
1261 755 1340 834 apud

194 853 315 912 latinum
340 851 503 926 (laetanter
525 851 603 912 enim
627 870 653 910 v.
683 851 740 912 118
763 860 844 913 recte
873 852 1013 913 scribitur
1034 870 1088 931 pro
1115 872 1151 912 eo
1175 853 1253 932 quod
1277 861 1341 914 tra-

194 947 284 1012 ditor
302 950 458 1022 lomentum
486 951 568 1010 velut
589 968 615 1009 r.
642 949 873 1011 illiberitanae
906 950 979 1011 abiit
1004 949 1036 1010 in
1062 953 1232 1026 nemitorem)
1264 951 1342 1013 siout

193 1044 349 1126 γάνυνται
373 1050 446 1127 Opp.
468 1048 479 1107 l
503 1047 574 1121 383,
607 1049 785 1131 τέρπονται
807 1049 927 1109 111415
951 1058 1041 1128 atque
1073 1049 1180 1110 similia
1213 1050 1341 1130 passim3

193 1157 326 1211 ceterum
353 1149 410 1210 iam
438 1149 609 1209 Aristoteles
633 1168 658 1209 e.
681 1168 708 1227 g.
733 1150 842 1231 χαίρει
872 1145 910 1209 δὲ
941 1146 1115 1230 πρόςγειος
1144 1144 1192 1210 ὤν
1219 1149 1340 1227 (Athen.

193 1268 220 1327 p.
239 1248 299 1308 315
316 1248 361 1324 Α).
385 1248 428 1309 lta
450 1249 529 1327 qaod
545 1265 600 1326 pro
626 1264 730 1308 maena
753 1248 861 1326 legitur
873 1267 963 1326 penate
977 1266 1097 1309 maeatae
1113 1248 1165 1309 Ov.
1184 1248 1255 1322 120,
1277 1266 1339 1310 non

193 1347 278 1408 aliter
298 1345 430 1427 loquitur
452 1346 614 1425 Oppianus,
638 1365 663 1406 e.
680 1365 707 1424 g.
728 1364 753 1406 v.
774 1347 786 1406 l
811 1346 867 1404 174
891 1354 922 1407 et
946 1347 1003 1406 171
1028 1355 1059 1407 et
1084 1347 1154 1419 183,
1180 1345 1255 1420 184;
1279 1365 1340 1408 non

194 1445 278 1506 aliter
300 1444 466 1506 Numenius
499 1444 529 1504 in
564 1444 729 1524 fragmento
763 1444 842 1523 quod
871 1444 1076 1506 exhibebimus
1098 1444 1185 1506 XVll.
1230 1444 1341 1506 Nobilis

193 1544 281 1623 piscis
303 1545 344 1606 ibi
367 1545 449 1607 audit
463 1543 529 1623 (Or.
549 1544 620 1620 134)
643 1543 695 1604 ubi
719 1545 846 1604 maxime
861 1553 1009 1605 moratur:
1031 1545 1083 1606 tali
1106 1544 1256 1606 locutione
1279 1545 1339 1606 iam

192 1661 265 1704 usus
281 1644 489 1705 hrohestratos
505 1650 549 1704 est
575 1640 699 1704 ἔστιδὲ
721 1641 835 1714 κεδνὸς
857 1638 918 1705 κάν
941 1644 1089 1727 πορθμῷ
1105 1645 1211 1705 Athen.
1228 1644 1340 1718 314133
1413 1699 1415 1703 .

193 1739 288 1823 κεδνὴ
311 1739 425 1802 δὲκαὶ
447 1736 528 1823 αὐτή
550 1741 640 1801 32011
663 1740 798 1818 (325Ε);
827 1741 912 1802 κατὰ
934 1740 1090 1804 Χαλκίδα
1109 1740 1226 1825 κεδνήν
1246 1741 1339 1805 abab

192 1840 329 1921 (330h);
352 1841 389 1902 of.
406 1839 511 1916 311r3
535 1840 574 1900 ita
597 1860 621 1901 e.
639 1859 665 1919 g.
683 1840 796 1902 Plinius
820 1858 940 1920 quoque
955 1840 994 1901 lll
1010 1841 1068 1917 603
1091 1842 1245 1922 Oppianus
1267 1854 1339 1904 vero

191 1941 362 2015 huiusmodi
384 1940 527 2002 stationes
556 1940 655 2001 minus
689 1941 811 2001 curavit.
856 1941 1124 2002 Praeclarissimam
1160 1959 1227 2003 vero
1262 1941 1340 2004 bane

192 2041 330 2120 propone
350 2034 487 2101 Ovidium
510 2039 589 2101 inter
613 2048 642 2100 et
665 2038 833 2118 Oppianum
858 2039 1092 2101 similitudinem.
1130 2041 1232 2120 lpsum
1257 2041 1337 2104 onim

191 2142 222 2202 in
244 2160 270 2202 v.
287 2138 327 2201 92
350 2136 519 2221 χωρισμὸν
540 2146 586 2200 1ο1
607 2139 655 2200 ille
678 2157 711 2202 ac
733 2139 841 2201 talibus
864 2138 960 2200 verbis
983 2150 1155 2220 praeparat:

282 2251 495 2331 ·Disoripsit
518 2253 602 2313 sedes
626 2252 704 2314 varie
725 2260 830 2314 natura
854 2253 993 2332 profundi

291 2351 316 2412 N
325 2370 363 2413 ec
385 2359 537 2413 cunctos
559 2370 629 2411 una
651 2351 744 2413 voluit
767 2351 985 2413 consistere
1006 2351 1120 2431 pisces3

292 2450 377 2511 Nam
400 2451 530 2528 gaudent
554 2469 614 2535 eqs.

191 2578 288 2641 verbis
316 2579 440 2641 totidem
475 2580 648 2662 eisdemque
682 2582 744 2642 lere
776 2581 854 2642 idem
889 2578 1060 2660 adgreditur
1093 2600 1216 2660 graecus
1250 2588 1338 2662 poeta

191 2677 331 2759 temp:
1183 2682 1186 2689 '
1324 2686 1327 2694 ‘

285 2790 440 2874 Ἰχθύσι
466 2791 527 2876 μὲν
553 2789 648 2878 γενεή
673 2818 708 2856 τε
734 2791 789 2856 καὶ
813 2788 901 2876 ἤθεα
927 2793 983 2856 καὶ
1009 2783 1137 2884 πόρος
1164 2788 1306 2884 ολλμηςΙ

291 2889 493 2976 κέκριται,
516 2889 607 2955 οὐδέ
632 2917 669 2955 τι
693 2894 799 2955 πᾶσι
818 2892 943 2974 νομαί
963 2889 1165 2956 νεπόδεσσιν
1188 2886 1338 2974 ὁμοῖαι.

292 2991 324 3056 οἱ
351 2992 412 3076 μὲν
437 2991 511 3075 γὰρ
534 3013 593 3073 eqs.
1286 3015 1290 3021 ·

190 3127 329 3190 Versibus
347 3144 420 3187 usus
434 3133 559 3205 uterque
575 3123 709 3200 duobus3
733 3125 846 3204 primns
870 3123 990 3204 utrique
1013 3143 1118 3186 sensus
1141 3123 1337 3186 affirmativus

189 3226 323 3306 ponitur,
359 3226 465 3286 deinde
497 3243 550 3304 per
584 3225 774 3303 negationem
809 3225 928 3303 utrique
950 3224 1106 3285 fortiorem
1125 3223 1234 3285 sensus
1257 3223 1337 3284 idem

189 3328 328 3400 iteratum
357 3325 467 3386 deinde
488 3326 589 3386 vocula
613 3334 739 3403 uterque
762 3325 807 3385 vel
830 3343 899 3385 narn
922 3324 966 3384 vel
989 3323 1052 3405 γὰρ
1075 3323 1252 3384 divisionem
1275 3323 1338 3402 pis-

191 3425 269 3486 oium
292 3424 433 3500 adnectit.
461 3424 532 3484 lam
547 3440 650 3484 nonne
667 3424 719 3484 uni
734 3423 839 3501 cuique
855 3442 870 3483 e
886 3421 1017 3483 tenebris
1033 3422 1117 3501 quasi
1139 3429 1169 3482 et
1191 3420 1337 3482 oblivione

191 3531 323 3601 emerget
338 3522 486 3583 halieutici
503 3521 625 3583 alicuius
641 3521 709 3583 libri
733 3522 831 3600 imago
846 3521 897 3600 qui
919 3521 943 3581 si
967 3520 1065 3582 minus
1082 3521 1116 3581 ad
1139 3520 1336 3581 imitationem

190 3622 241 3683 sed
265 3621 301 3682 ad
324 3621 553 3683 aemulationem
575 3628 676 3680 mmen
699 3627 802 3699 poetas
825 3618 1018 3681 excitaverit?

274 3718 371 3798 Atque
392 3718 452 3780 iam
476 3719 506 3778 in
529 3718 626 3797 ipsum
644 3717 827 3798 profundum
851 3727 881 3780 et
903 3718 937 3779 ad
953 3718 1080 3797 piscium
1103 3718 1189 3778 sedes
1212 3717 1345 3779 descen-
1408 3798 1411 3803 Ι

190 3819 303 3880 damus.
349 3817 479 3878 Plurima
501 3816 622 3877 nomina
646 3816 768 3877 Ovidius
792 3816 848 3877 sub
871 3817 993 3895 pelagi
1022 3816 1119 3877 indice
1141 3815 1248 3895 posuit.
1293 3817 1337 3878 hd

190 3937 265 3998 quos
288 3917 416 3997 pelagios
440 3916 591 3995 pertinere
615 3917 742 3976 maxime
773 3916 794 3977 ii
824 3915 963 3977 videntur
985 3916 1035 3995 qui
1058 3916 1089 3976 in
1111 3915 1175 3994 ipso
1199 3916 1259 3976 alto
1283 3916 1337 3976 de-

190 4024 269 4096 gant,
293 4016 344 4095 qui
366 4015 537 4077 scribuntur
552 4016 630 4095 apud
646 4015 811 4094 Oppianum
828 4015 840 4074 l
859 4013 934 4089 1793
956 4022 1045 4094 atque
1068 4015 1197 4093 thynnos
1223 4013 1336 4093 gladios

190 4116 333 4196 hippuros
356 4133 432 4194 quos
454 4113 502 4174 bic
524 4113 677 4194 Oppianus
699 4114 803 4175 scribit
825 4113 945 4174 Ovidius
976 4132 1096 4192 quoque
1124 4111 1242 4184 scribit,
1275 4129 1335 4174 non

190 4214 293 4276 scribit
315 4209 487 4295 πρηνάδας
509 4215 643 4292 κυβείας
665 4210 779 4284 κολίας
800 4208 962 4283 σκυτάλας
989 4207 1152 4294 ὀρκύνους.
1186 4211 1249 4272 Iam
1272 4230 1335 4273 me-

191 4312 334 4373 morabile
355 4312 413 4372 hoe
428 4310 562 4380 dixerim,
585 4311 664 4390 quod
683 4309 793 4391 ξιφίαι
810 4311 888 4389 apud
911 4310 1036 4372 alterum
1060 4317 1205 4371 vocantur
1227 4307 1335 4391 φεροί-

191 4432 298 4493 νομοι,
332 4411 409 4490 apud
442 4410 567 4472 alterum
595 4409 658 4490 ipsa
682 4412 776 4490 graeci
799 4410 928 4472 nonanis
952 4410 1106 4488 eprcatio
1130 4408 1258 4472 adicitur
1278 4412 1343 4470 iota.
