2902 5040
666 322 909 385 „100-

186 581 190 590 Ι
214 496 384 581 κόσμησις·
400 501 526 576 γίνεται
553 496 609 559 καὶ
634 494 818 559 τελειοῦται
843 499 892 569 (ci.
915 497 1030 560 Krischi
1052 516 1080 577 p.
1098 497 1189 578 4ἳ4);
1220 498 1361 561 admonet

213 600 285 661 deus
301 600 409 679 datque
424 617 520 674 arma3
544 599 595 660 sed
619 616 692 660 num
707 604 787 659 recte
809 597 1002 677 accepisse
1025 599 1121 677 legem
1143 599 1203 659 dici
1225 599 1360 678 potuerit

212 697 325 760 dubito.
359 698 412 758 Est
435 698 522 759 etiam
545 698 592 758 lex
615 697 658 758 vis
682 696 778 758 divina
802 696 847 757 vel
863 715 916 775 pro
932 697 995 776 ipso
1012 698 1068 759 deo
1083 696 1133 775 (cl.
1151 698 1236 758 deca
1254 697 1358 760 Zelleri

211 815 286 876 ilist.
298 814 372 876 Phil.
389 798 446 875 llll
463 835 491 894 p.
511 813 570 875 ltu
594 814 655 875 adn.
674 813 706 893 2)
722 820 811 893 atque
833 812 929 892 ipsum
947 813 1030 893 quasi
1054 813 1184 875 medium
1202 831 1256 893 per
1277 815 1358 893 quod

210 914 325 994 singula
362 915 495 996 luppiter
532 913 639 995 quihus
678 931 759 987 „non
797 913 901 973 adest“
940 914 1055 988 (Senec.
1083 913 1147 974 Nat.
1176 914 1230 986 Qu.
1255 907 1281 973 ll
1304 913 1357 990 46)

209 1005 380 1075 adornanda
404 1033 505 1076 curare
528 1014 670 1075 videatur.
716 1012 772 1073 Sed
801 1011 890 1072 habet
918 1013 1107 1093 continetque
1138 1013 1228 1092 magis
1260 1012 1356 1090 legem

211 1115 341 1175 mundus
365 1132 452 1194 quam
477 1113 598 1193 accepit.
642 1111 721 1184 Quin
744 1105 763 1192 ἦ
788 1107 870 1183 Διὸς
894 1106 1051 1192 βούλησις
1073 1120 1107 1172 ut
1128 1119 1227 1191 partes
1250 1111 1357 1172 mundi

208 1219 348 1290 procurat
375 1212 415 1272 ita
445 1221 545 1272 tamen
568 1211 662 1290 legem
687 1211 755 1270 darc
779 1227 839 1270 non
863 1217 960 1290 potest
983 1210 1039 1271 nisi
1062 1210 1119 1271 sibi
1150 1211 1216 1290 ipsi.
1263 1210 1357 1290 Chry-

209 1309 363 1390 sippus'de
379 1310 492 1371 mundo
508 1309 585 1390 apud
601 1309 792 1370 Plutarchum
809 1327 917 1368 comm.
936 1316 995 1369 not.
1009 1327 1037 1388 p.
1054 1309 1148 1368 1077:
1173 1305 1260 1385 λέγει
1277 1309 1357 1385 γοῦν

209 1404 413 1489 Χρύσιππος
450 1402 594 1472 ἐοικέναι
630 1409 674 1492 τῷ
710 1404 769 1490 μὲν
799 1402 971 1490 ἀνθρώπῳ
1007 1406 1063 1470 τὸν
1094 1409 1163 1469 Δία
1197 1405 1267 1468 καὶ
1298 1404 1357 1469 τὸν

208 1502 341 1589 κόσμον,
375 1508 416 1594 τῇ
449 1505 486 1570 δὲ
519 1508 610 1595 ψυχῇ
642 1505 701 1589 τὴν
727 1504 907 1587 πρόνοιαν;
940 1525 1119 1586 quamquam
1154 1507 1224 1586 tingi
1257 1514 1355 1586 potest

207 1606 351 1687 scriptum
374 1607 467 1670 fuisse
490 1607 680 1669 concinnius:
704 1607 750 1690 τῷ
776 1606 837 1689 μὲν
863 1601 1034 1688 ἀνθρώπῳ
1063 1605 1119 1667 καὶ
1149 1606 1194 1690 τῷ
1224 1603 1353 1687 (roipert

206 1706 264 1769 τοῦ
290 1699 474 1790 ἀνθρώπου
500 1704 557 1768 τὸν
581 1709 649 1767 Δία
675 1703 730 1767 καὶ
756 1704 814 1768 τὸν
840 1701 965 1787 κόσμον
980 1725 1040 1786 eqs.
1079 1704 1177 1767 Possis
1200 1706 1355 1768 continere

207 1805 409 1867 dubitationes
432 1807 510 1886 quod
534 1805 671 1884 ambigua
694 1823 813 1885 semper
835 1824 891 1865 vox
914 1804 951 1865 sit
975 1805 1105 1866 mundus
1123 1803 1353 1884 mortaliumque

206 1921 305 1965 rerum
324 1905 495 1984 complexus
512 1903 595 1965 facile
610 1904 699 1965 simul
715 1904 868 1982 cogitetur.
900 1901 1011 1963 Tamen
1029 1912 1150 1964 strenue
1166 1902 1264 1981 agenti
1282 1903 1351 1983 quid

205 2004 302 2083 aptius
330 2004 457 2065 scribere
480 2005 610 2085 potuerit
636 2011 723 2083 poeta
752 2002 975 2084 quaeritandnm
993 2002 1057 2064 erit.
1096 2002 1198 2083 ltaque
1221 2002 1253 2061 in
1276 2002 1352 2064 hanc

204 2102 345 2163 rariorem
390 2103 547 2165 lectionem
584 2103 748 2183 producor:
796 2101 941 2181 Praecepit
973 2102 1097 2162 melodus
1133 2101 1238 2181 leqem:
1276 2103 1354 2189 dedit

148 2233 151 2238 ·
204 2219 289 2262 ormo
313 2219 366 2281 per
391 2219 486 2264 omnes
520 2202 726 2282 Admonuitqne
760 2205 820 2274 sui3
853 2201 893 2262 ita
927 2210 959 2261 ut
994 2219 1054 2261 non
1084 2200 1191 2263 abolita
1226 2201 1264 2262 sit
1294 2202 1349 2262 uisi

204 2301 296 2380 prima
313 2300 451 2361 carminis
467 2300 564 2362 littera
580 2301 754 2369 maiuscula·
767 2300 847 2360 velut
858 2300 976 2360 hnthol.
993 2300 1041 2360 lat.
1056 2300 1132 2361 hies.
1146 2298 1218 2371 787,
1232 2299 1249 2360 3
1267 2301 1350 2362 l‘ari-

203 2398 287 2459 sinus
302 2399 375 2461 liber
389 2399 530 2460 Accedent
544 2408 625 2461 testes
640 2417 695 2479 pro
712 2398 870 2460 Prodecont
886 2409 980 2476 testem
1002 2398 1079 2461 haud
1092 2399 1275 2460 dissimiliter
1287 2399 1349 2461 llal.

203 2516 229 2557 v.
246 2495 286 2556 33
303 2517 338 2558 ex
353 2498 440 2559 Etsnb
457 2496 588 2559 eruimus
603 2494 730 2559 Pressas.
769 2497 831 2558 Nec
845 2515 914 2558 vero
936 2495 1011 2558 bene
1029 2496 1077 2558 ubi
1094 2494 1181 2559 datur
1196 2497 1349 2578 accipitur.

288 2596 385 2676 Atque
407 2596 465 2657 hoc
487 2615 524 2657 ne
547 2595 658 2657 frustra
671 2595 836 2675 postulasse
859 2614 907 2655 me
930 2595 1075 2675 increpes.
1098 2593 1177 2656 idem
1201 2614 1348 2677 expresse,

202 2702 291 2776 atque
313 2695 391 2775 apud
415 2694 587 2757 Ciceronem
612 2695 806 2776 Chrysippus,
839 2694 997 2756 consilium
1026 2694 1089 2756 vide
1112 2713 1200 2774 quam
1224 2694 1350 2762 fideliter

201 2803 320 2856 secutus
343 2802 428 2873 poeta
451 2794 502 2866 sit,
539 2793 622 2855 ouius
645 2793 717 2854 haec
742 2811 859 2855 summa
883 2800 940 2854 est:
976 2791 1097 2864 Teutam
1126 2796 1252 2874 e'nqenuit
1281 2795 1348 2854 oni-

200 2894 345 2955 monte'lus
381 2891 572 2955 conservandi
605 2895 653 2953 sni
679 2901 786 2953 reaturo
815 2894 971 2955 custodiam
1008 2892 1079 2970 (Cic.
1109 2888 1190 2968 124).
1246 2893 1349 2975 ltaque

201 2991 322 3054 Ovidius
345 2992 401 3053 iste
416 2991 490 3053 nihil
506 2992 542 3054 de
562 2990 729 3053 suodedit:
753 3010 822 3054 narn
838 3010 938 3053 vorsus
954 2989 1042 3052 etiam
1065 2989 1133 3050 inde
1156 2988 1192 3050 ab
1215 2990 1347 3052 secundo

200 3090 240 3166 hi,
263 3091 371 3171 quibos
389 3096 519 3166 „contra
536 3090 593 3152 vim
610 3098 639 3152 et
656 3097 768 3152 metum
784 3091 846 3155 suis
862 3110 895 3152 se
911 3090 1001 3152 armis
1018 3107 1151 3173 quaeque
1167 3089 1346 3153 defendere“

200 3189 271 3264 (Cic.
291 3191 362 3267 127)
385 3191 562 3253 illustratur:

600 3301 710 3362 vitulus
732 3302 775 3363 sic
796 3319 925 3382 namque
947 3300 1078 3363 minatur

300 3401 358 3473 Qui
378 3401 513 3464 nondum
535 3400 612 3480 gerit
634 3400 665 3461 in
688 3406 791 3462 tenera
814 3400 872 3463 iam
896 3419 1036 3463 cornua
1060 3401 1167 3479 fronte,

300 3500 348 3561 Sic
371 3500 506 3561 dammae
527 3498 693 3578 lugiunt,
717 3508 852 3578 pugnant
874 3499 983 3562 virtute
1005 3500 1133 3561 leones
1166 3563 1170 3569 ,

299 3597 335 3658 Et
359 3617 483 3660 morsu
505 3598 587 3662 canis
609 3604 638 3659 et
661 3598 769 3659 caudae
790 3599 832 3660 sic
853 3599 988 3678 scorpius
1011 3599 1071 3660 ictu

298 3697 516 3779 Concussisque
538 3697 609 3759 levis
632 3697 756 3778 pinnis
777 3698 820 3760 sic
842 3699 961 3760 evolat
983 3698 1059 3759 ales

197 3867 257 3930 lere
292 3866 382 3930 verbo
416 3877 503 3931 tenus
532 3868 695 3949 Chrysippo
730 3866 892 3941 debentur,
926 3868 1067 3948 qnoniam
1090 3866 1191 3930 Cicero
1223 3868 1343 3930 exhibet

110 4036 111 4041 η
196 3968 308 4041 §1271
334 3967 469 4030 cornibus
495 3970 583 4040 tonm',
610 3971 677 4047 apri
701 3968 839 4040 dentibus,
865 3984 965 4028 morsu
992 3965 1094 4038 leones,
1122 3966 1181 4027 elio
1205 3966 1278 4048 sequ
1303 3987 1341 4036 se,

108 4071 111 4075 ’
196 4066 255 4128 olio
270 4068 445 4147 occulatione
460 4075 605 4141 tutantem
629 4067 789 4129 etiterum
812 4065 923 4141 §1212
948 4066 1024 4128 oliae
1039 4063 1229 4145 (animantes)
1252 4070 1342 4146 speleis

193 4163 318 4228 hirsutae
341 4156 390 4243 (cf.
415 4165 604 4245 scorpionem
613 4162 660 4244 ?);
683 4166 757 4227 otios
778 4184 835 4227 esse
861 4165 996 4227 cornibus
1023 4174 1160 4240 armatos,
1188 4164 1263 4226 ulios
1288 4165 1341 4227 ho-

195 4262 260 4325 bere
285 4265 390 4345 effuqs'o
409 4282 581 4343 pesonarum.
613 4264 716 4343 Neque
739 4264 843 4326 dubito
867 4265 939 4344 quin
963 4264 1052 4326 etiarn
1076 4281 1232 4325 excursum
1256 4264 1339 4326 illum

195 4380 237 4422 vv.
255 4361 296 4420 49
308 4381 373 4442 sqq.
391 4362 453 4439 (ubi
477 4381 568 4443 aper
590 4363 749 4440 inducitur)
774 4363 937 4444 Chrysippo
959 4370 1043 4442 poeto
1067 4363 1184 4425 debeat.
1231 4363 1339 4425 Scribit

193 4459 294 4523 Cicero
316 4460 420 4539 (123):
443 4463 478 4524 At
503 4463 604 4544 quibus
627 4462 719 4523 bestiis
744 4472 806 4523 mat
832 4466 855 4523 s's
877 4463 955 4524 cibus
975 4471 1007 4523 ut
1029 4463 1103 4523 olins
1117 4465 1230 4540 pencris
1244 4462 1339 4525 bestiis
