2902 5040
557 309 776 372 ...49-

89 485 258 547 luxuriante
291 483 448 545 nominum
482 485 707 548 enumeratione
740 485 817 546 intra
845 485 989 547 molestus
1018 488 1146 568 scriptor
1170 507 1235 553 esse

89 592 212 663 pergat3
250 584 371 645 nomina
404 582 485 644 enim
515 584 602 662 ponit
623 600 685 643 non
708 584 809 645 minus
834 582 1014 645 octodecim!
1051 585 1095 647 hd
1118 585 1236 650 Lucreti

89 700 134 742 11.
153 682 178 743 44
195 680 256 742 759
272 689 302 742 44
318 681 339 740 44
357 681 418 741 449
442 683 694 761 comparationem
711 683 758 743 141
776 691 822 744 444
843 683 922 762 quod
938 684 1059 745 voceris.
1097 686 1236 749 Ceterum

90 791 194 842 crescet
214 780 260 840 bis
291 779 380 840 scribi
410 780 473 840 4414
499 781 700 842 necessarium
727 781 797 854 fuit,
827 781 919 860 inque
939 801 967 843 1.
990 780 1051 843 399
1075 783 1236 847 Vossianus

92 878 220 939 maxime
242 876 317 938 iiber
339 879 521 957 sequendus3
544 879 676 941 cernitur
699 888 799 940 autern
822 898 939 941 summa
961 880 1118 943 insolentia
1140 883 1231 964 scrip·

91 977 165 1039 toris
188 978 277 1038 attera
296 995 358 1056 ¹qum
376 978 547 1057 pudibundo
567 979 702 1040 1414414111
730 979 930 1041 construxerit
952 980 987 1041 ad
1010 980 1235 1043 similitudinem

91 1083 259 1138 structurae
275 1075 500 1154 etymologicae:
519 1079 632 1156 pudens
642 1078 794 1156 pudorem.
831 1077 1002 1156 Purpureus
1017 1079 1114 1158 pudor
1129 1080 1237 1142 dicitur

92 1194 126 1236 411
149 1174 314 1235 imitatione
331 1173 415 1235 Ovidi
429 1175 495 1235 hm.
511 1175 524 1236 l
540 1175 568 1248 3,
588 1177 642 1252 143
665 1175 691 1236 44
706 1176 736 1249 5,
753 1174 793 1236 34
809 1175 857 1250 (44.
871 1175 990 1238 hnthol.
1006 1177 1055 1238 444.
1072 1179 1149 1240 hies.
1165 1177 1237 1253 217,

23 1297 24 1300 “
91 1272 135 1350 3).
171 1272 233 1332 44111
255 1289 324 1334 1414
341 1281 498 1352 postquam
515 1274 672 1336 tersionem
687 1274 786 1335 iocum
808 1273 899 1335 istum
915 1274 1074 1352 legendum
1091 1277 1236 1352 dedimus,

90 1371 122 1431 in
146 1370 241 1449 ipsam
265 1370 335 1430 artis
366 1389 422 1451 qua
453 1371 651 1451 compositum
678 1371 757 1433 istud
787 1389 905 1433 carmen
933 1372 972 1433 sit
1003 1374 1236 1439 observationem

92 1468 300 1547 incumbamus
331 1470 430 1530 nescio
459 1487 532 1531 num
560 1470 724 1548 planiorem
754 1489 791 1529 an
815 1471 977 1548 graviorem
1000 1490 1136 1552 quaeque
1159 1474 1237 1552 quod

92 1568 255 1646 Hauptium
279 1566 353 1645 sugit
380 1567 468 1629 4411144
491 1569 623 1648 poeticae
646 1567 869 1629 observatorem
891 1569 1070 1647 singularem
1095 1591 1239 1635 nonnum

93 1686 183 1748 quam
207 1665 285 1727 aliud
308 1665 402 1744 egisse
431 1667 473 1727 vir
496 1686 633 1728 summus
664 1685 732 1728 cum
755 1666 884 1728 Culicem
914 1669 1016 1729 ederet
1039 1668 1162 1732 dicetur.
1206 1673 1238 1734 ld

93 1766 175 1827 enim
199 1763 283 1825 istius
299 1773 403 1843 poetae
418 1765 563 1856 1444441114
579 1765 793 1827 conlidentium
809 1765 909 1826 odium
933 1765 990 1826 fuit
1011 1776 1045 1828 ut
1061 1768 1239 1850 synaloepha

91 1863 266 1926 abuteretur
287 1861 435 1923 rarissime
459 1882 557 1944 neque
579 1864 630 1925 ubi
660 1863 837 1925 abutebatur
866 1864 934 1924 elidi
962 1865 1074 1926 sineret
1101 1867 1158 1928 nisi
1187 1888 1240 1929 14-

92 1962 188 2023 calem
211 1960 366 2020 brevem.
411 1960 498 2023 Nunc
520 1981 588 2023 vero
618 1980 678 2023 non
707 1961 808 2041 paucis
838 1962 911 2023 iocis
938 1961 1026 2024 etiam
1054 1965 1158 2044 longae
1186 1968 1240 2029 ab·

92 2067 214 2139 4414444
237 2058 273 2119 ab
294 2057 471 2139 insequente
493 2060 583 2122 144444
614 2059 739 2139 syllabae
761 2059 900 2138 leguntur
921 2060 1004 2122 hiatu
1027 2062 1160 2137 duriore3
1188 2067 1240 2144 qui

93 2180 200 2225 versus
221 2168 308 2222 sunt:

219 2271 258 2333 73
282 2271 407 2350 Otiaque
429 2269 538 2331 invidia
561 2270 717 2350 degentem
740 2288 773 2331 44
795 2269 900 2331 fraude
920 2277 1034 2332 remota

201 2370 259 2432 149
283 2369 358 2431 ilicis
381 2378 411 2430 et
434 2368 534 2447 nigrae
557 2376 586 2429 et
609 2368 722 2447 species
747 2367 873 2429 Lethaea
897 2387 1054 2448 cupressus

198 2469 259 2529 245
282 2468 348 2529 0444
373 2476 551 2547 quaerentes
573 2466 683 2528 frustra
706 2466 821 2540 situlae,
843 2466 884 2527 ite
906 2467 1020 2546 puellae

198 2567 260 2629 248
283 2569 379 2646 Atque
402 2566 473 2627 alias
495 2565 551 2627 atio
575 2565 681 2626 densas
704 2582 811 2644 supero
835 2566 950 2646 agmine
974 2576 1089 2629 turmas

197 2665 260 2727 266
282 2665 457 2727 Femineum
479 2663 649 2743 incorrupta
673 2664 761 2725 decus
785 2673 894 2735 11141144,
918 2672 948 2725 44
968 2666 1072 2744 procui
1095 2667 1141 2727 illa

199 2763 260 2825 272
284 2763 345 2825 4444
366 2762 468 2824 timuit
491 2762 706 2842 Phlegethonta
729 2762 875 2823 furentem
900 2763 1073 2825 ardentibus
1097 2764 1184 2826 undis

199 2862 260 2923 279
283 2862 393 2923 Blanda
417 2881 488 2923 1444
511 2880 624 2941 sequar
644 2861 797 2940 regionem
819 2860 967 2923 insederat
991 2860 1100 2942 Orphei

199 2957 260 3022 389
284 2961 320 3021 Et
343 2960 514 3021 tamenestsi
539 2960 621 3020 audis
645 2959 778 3020 dimittes
800 2959 900 3020 omnia
923 2959 1021 3022 ventis

200 3056 260 3118 393
285 3057 477 3120 Gramineum
502 3065 533 3118 ut
556 3058 640 3119 viridi
663 3057 777 3119 foderet
800 3059 836 3118 de
859 3057 985 3137 caespite
1007 3065 1127 3120 terram.
1152 3117 1153 3120 ,

96 3169 171 3236 Vide
195 3193 284 3254 quum
311 3175 487 3254 inprospere
514 3193 579 3234 rem
608 3172 732 3252 gesserit
753 3171 909 3234 hominum
932 3172 1172 3236 doctissimorum
1196 3192 1243 3235 sa-

96 3274 217 3353 gacitas.
256 3273 374 3334 Sciticet
396 3291 466 3334 casn
487 3273 598 3333 facturn
622 3291 689 3334 esse
712 3271 778 3351 quis
802 3271 902 3332 credet
924 3272 1003 3350 quod
1027 3291 1129 3333 1414114
1152 3273 1191 3334 ilii
1213 3273 1245 3335 in

97 3372 182 3435 tihris
206 3371 415 3451 manuscriptis
432 3389 537 3431 omnes
552 3371 615 3431 fere
637 3371 674 3431 ad
697 3387 792 3430 unum
808 3388 847 3430 se
870 3371 999 3432 offerunt
1020 3369 1103 3431 nitidi
1127 3380 1156 3432 44
1178 3372 1245 3451 puri

99 3480 129 3533 et
152 3470 249 3531 hiulca
277 3469 411 3530 lectionis
436 3469 569 3530 molestia
598 3465 706 3530 liberi?
741 3466 833 3546 Igitur
859 3469 1072 3530 recurrendum
1096 3469 1132 3530 ad
1154 3470 1245 3531 libros

98 3569 156 3630 erit
179 3567 382 3647 utendumque
405 3567 439 3628 ad
464 3585 561 3629 veram
589 3566 747 3628 lectionem
771 3567 815 3628 144
837 3568 972 3628 rectiore.
1017 3567 1245 3630 Restituendum

98 3668 130 3728 in
155 3686 181 3727 1.
200 3665 239 3726 73
262 3686 278 3726 4
301 3665 376 3726 libro
401 3665 533 3738 maxime
550 3665 708 3728 Vossiano:

305 3774 431 3855 Otiaque
454 3775 625 3838 invidiae
649 3777 808 3858 degentem
830 3775 967 3838 fraude
989 3785 1147 3857 remota,

102 3891 135 3952 in
157 3909 186 3952 1.
205 3890 264 3951 449
287 3888 338 3950 ubi
361 3887 503 3949 traditum
527 3898 586 3951 est:

303 3986 380 4048 liicis
395 3990 434 4047 'et
456 3987 558 4065 nigrae
580 3988 694 4068 species
717 3989 842 4049 4444444
865 4006 1033 4067 cupressus,

101 4099 248 4179 scriptum
272 4099 361 4179 plane
382 4098 497 4160 fuerat:

305 4211 381 4272 ilicis
404 4220 434 4272 et
457 4212 558 4290 nigrae
580 4213 694 4291 species
717 4231 772 4273 nec
794 4213 868 4274 laeta
892 4229 1059 4293 cupressus,

102 4323 132 4384 id
155 4323 214 4385 est:
245 4331 275 4384 et
296 4324 391 4385 tristis
413 4343 585 4403 cupressus,
614 4325 691 4385 sicut
713 4343 782 4403 eg.
826 4325 998 4403 Propertius
1013 4324 1052 4384 444
1068 4322 1119 4396 28,
1135 4322 1176 4384 52
1198 4340 1251 4384 444

99 4423 193 4503 prote
209 4422 346 4503 Pasiphae
369 4441 438 4502 pro:
461 4433 492 4485 et
506 4424 639 4503 improba
656 4422 810 4502 Pasiphae.
846 4421 945 4485 Genus
961 4431 1058 4484 autern
1074 4421 1131 4482 boc
1146 4438 1250 4484 emen-

132 4520 225 4574 Birt,
239 4519 270 4564 de
283 4520 429 4566 halieuticis.
1075 4524 1092 4576 4
