2902 5040
572 390 573 393 Ν
663 296 884 359 -11-

203 493 250 535 res
272 475 384 552 optinet.
430 473 542 533 Tamen
569 472 646 533 hanc
673 472 831 534 lectionem
854 492 941 536 causa
970 475 1053 536 adest
1080 483 1179 555 aperta
1201 495 1254 538 cur
1281 476 1348 539 abi-

204 592 272 635 cere
294 571 454 633 debeamus
482 572 584 633 eadem
612 572 748 634 videlicet
773 591 831 652 qua
853 573 999 652 llauptius
1025 573 1178 652 indignam
1201 593 1267 636 eam
1289 594 1347 655 pu-

203 672 277 733 tavit
299 688 387 751 quam
410 670 567 749 proferret.
612 670 719 731 'lotam
742 670 851 731 iterum
876 672 940 749 lego
963 673 1154 734 sententiam:
1183 677 1261 754 sepio
1282 693 1350 736 cum

203 773 278 850 forte
301 769 450 848 Deprensa
473 779 513 830 est
533 772 592 829 ioan
614 773 726 850 iamque
752 788 857 831 montes
887 773 965 832 timet
991 771 1037 840 illa
1061 775 1182 851 rapaces,
1215 770 1349 851 inficiens

204 885 311 948 oepuor
338 871 453 946 ciprum
476 873 567 930 comit
592 869 639 930 illa
666 886 814 930 cruorem:
851 869 959 948 duplex
985 869 1038 931 illo
1065 870 1145 930 enirn
1176 870 1244 950 quid
1273 872 1349 931 valet

203 967 260 1028 nisi
282 966 375 1028 risum
398 964 540 1028 movere?
562 967 682 1029 Falsum
699 968 874 1030 alterutrum
893 975 939 1029 est
960 986 1058 1047 neque
1070 968 1195 1030 alterum
1207 969 1348 1048 adoptare

203 1064 260 1126 nisi
283 1083 351 1125 eum
375 1065 459 1126 decet
485 1065 536 1145 qui
562 1066 667 1127 falsum
696 1067 778 1146 prius
807 1086 871 1128 esse
894 1066 1021 1128 evicerit.
1064 1069 1160 1146 Atque
1184 1068 1348 1149 1111111111-

204 1163 271 1225 dam
299 1162 356 1223 hoc
383 1181 453 1224 sane
481 1165 515 1225 ad
543 1182 646 1225 verum
677 1165 771 1226 multo
799 1165 977 1245 propensius
1006 1164 1135 1239 videtur3
1169 1184 1236 1228 nam
1265 1167 1348 1247 prius

202 1262 257 1323 illo
277 1260 492 1323 inertissimum
527 1262 562 1322 ad
595 1261 726 1324 taedium
766 1282 861 1343 usque
898 1263 1053 1342 superfluit
1089 1282 1189 1344 neque
1214 1282 1349 1346 'sensum

203 1359 326 1421 haberet
349 1359 454 1421 nisisi
477 1359 548 1440 quid
571 1379 606 1422 co
628 1370 745 1440 praeter
768 1362 880 1442 sepiam
902 1363 979 1424 aliud
1002 1361 1099 1440 (velut
1120 1360 1233 1442 sogal)
1256 1363 1349 1424 indu-

204 1467 330 1520 ceretur.
368 1457 444 1519 Ecce
470 1476 553 1520 error
574 1458 787 1521 iucundissime
811 1459 981 1522 submotus:
1005 1459 1096 1540 (sepio
1110 1461 1187 1540 cum)
1202 1461 1350 1541 Deprensa

133 1629 140 1652 x
203 1567 244 1618 est
276 1560 334 1618 tom
369 1559 481 1634 tompus
514 1575 617 1618 monus
643 1561 720 1619 tiotet
739 1558 806 1619 hilla
832 1562 955 1639 ropocis.
1000 1558 1061 1620 lloc
1086 1566 1145 1619 est:
1176 1559 1244 1619 iarn
1270 1558 1350 1638 ipsa

100 1656 102 1662 ’
203 1654 344 1717 viscera
367 1652 530 1736 (μήκωνες
556 1655 722 1735 Oppianus,
750 1653 845 1736 μύτις
868 1656 1060 1734 Plutarchus)
1086 1657 1195 1717 timent
1216 1675 1254 1718 ne
1281 1657 1350 1719 sibi

203 1754 300 1834 rapaci
323 1771 413 1815 manu
436 1771 525 1814 sucus
552 1753 700 1834 eripiatur.
746 1753 832 1826 Quod
856 1772 918 1816 non
944 1755 1040 1815 solum
1069 1755 1179 1817 dictum
1203 1755 1350 1836 exquisite

203 1853 318 1914 videtur
340 1853 392 1913 sed
420 1852 507 1913 ctiam
535 1853 657 1913 adrem
685 1851 779 1931 ipsam
807 1852 1007 1932 aptissimum3
1038 1852 1069 1914 id
1099 1853 1177 1914 enim
1201 1853 1352 1916 ducebant

203 1951 313 2012 mirum
335 1950 366 2012 in
392 1950 542 2031 plerisque
559 1950 739 2023 animalium,
764 1950 864 2011 scire
887 1970 920 2012 ea
936 1969 1048 2031 quare
1068 1958 1239 2030 petantur
1261 1951 1350 2031 (Plin.

202 2047 392 2127 11119111
415 2049 475 2127 peti
502 2049 606 2110 dentes
625 2067 695 2109 suos
718 2048 816 2110 sciunt
842 2048 990 2128 elephanti
1009 2049 1090 2126 (ibid.
1112 2049 1159 2130 7);
1182 2059 1350 2112 castoreum

204 2166 292 2209 suum
323 2145 389 2208 fibri
417 2146 497 2224 (ibid.
524 2146 614 2221 109);
643 2153 766 2226 propter
789 2148 961 2225 margaritas
988 2166 1020 2208 se
1042 2148 1103 2227 peti
1125 2166 1215 2227 gnara
1238 2150 1351 2211 concha

204 2244 290 2321 (Plin.
302 2244 342 2305 lX
356 2245 432 2320 1103
454 2245 491 2305 cf.
508 2245 596 2307 etiam
614 2264 638 2305 e.
655 2264 682 2323 g.
699 2245 803 2306 Philen
819 2245 954 2320 v.1662;
976 2245 1164 2307 Timotheum
1181 2249 1226 2308 ed.
1239 2246 1350 2327 Haupt.

203 2345 234 2405 in
256 2343 365 2404 Herma
380 2343 419 2403 lll
434 2361 495 2422 cap.
512 2342 554 2403 54
569 2343 620 2404 lin.
639 2345 699 2419 15).
737 2344 829 2405 Sedes
851 2352 948 2405 autem
973 2344 1139 2416 atramenti,
1162 2345 1250 2406 etiam
1273 2347 1351 2426 apud

203 2441 390 2503 Aristotelem
407 2439 526 2520 quidem
547 2449 659 2503 catum
681 2437 777 2518 μύτος
803 2448 867 2502 tum
894 2438 1007 2524 μήκων
1032 2453 1142 2517 vocata,
1168 2441 1247 2524 χολὴ
1271 2445 1349 2524 apud

203 2538 383 2602 Nicandrum
400 2538 478 2599 Alex.
496 2559 522 2600 1.
539 2538 611 2612 473,
638 2558 705 2601 cum
733 2540 764 2599 in
789 2539 1008 2619 Epigrammate
1029 2543 1065 2602 de
1086 2543 1174 2622 Sepia
1194 2542 1321 2622 legatur:

304 2687 440 2749 Praestat
466 2702 553 2747 carne
580 2683 670 2757 cibos,
699 2684 814 2766 apicum
842 2685 892 2746 dat
917 2685 1008 2747 felle
1035 2686 1144 2764 figuras

361 2785 400 2846 Et
425 2784 478 2845 viri
503 2783 602 2863 specie
628 2801 716 2845 usum
743 2784 779 2845 ad
806 2792 968 2863 utrumque
993 2783 1078 2856 facin

204 2936 249 3017 (in
276 2935 384 3018 quibus
410 2940 468 2998 oiri
492 2955 546 3016 pro
573 2937 653 2998 brevi
680 2936 837 2999 refecimus
871 2946 1039 3017 comparato
1068 2936 1120 2999 01.
1143 2938 1205 2998 Hal.
1229 2958 1255 2998 v.
1281 2937 1351 3012 131,

205 3036 329 3117 Oppian.
346 3036 408 3097 llal.
425 3036 541 3109 11455,
576 3035 650 3097 Phil.
677 3034 780 3111 1831),
814 3036 886 3097 hacc
908 3035 1010 3098 eadem
1038 3055 1091 3097 cur
1117 3034 1153 3096 ab
1176 3036 1232 3098 alio
1253 3036 1352 3116 scrip-

203 3142 268 3195 tore
284 3135 341 3196 dici
356 3134 429 3196 hillo
443 3134 543 3195 minus
558 3134 689 3212 potuerit
709 3151 769 3195 non
793 3133 887 3195 video.
932 3135 1027 3196 lmmo
1050 3135 1147 3197 iacent
1162 3135 1249 3197 hillae
1271 3134 1352 3196 inter

205 3234 401 3295 ventriculum
418 3234 464 3293 111
478 3232 575 3310 gulam
594 3239 624 3293 ct
645 3232 722 3293 inter
737 3233 833 3293 alvum
851 3230 901 3309 (cf.
918 3233 994 3294 Plini
1009 3232 1050 3293 111
1066 3233 1143 3306 20ος
1159 3232 1236 3293 Celsi
1251 3233 1288 3293 lV
1306 3235 1351 3311 1);

203 3332 293 3411 igitur
308 3331 376 3393 audi
392 3331 481 3394 modo
493 3330 680 3392 Aristotelem
697 3330 776 3392 Part.
792 3331 848 3391 An.
865 3349 894 3409 p.
904 3330 962 3392 681
973 3332 995 3392 Β
1005 3330 1042 3391 19
1054 3331 1117 3410 ipsa
1129 3331 1237 3393 viscera
1253 3331 1352 3411 sepiae

205 3447 268 3494 non
293 3431 378 3492 aliter
404 3430 614 3491 definientem:
644 3429 676 3489 in
702 3429 840 3491 mollibus
866 3429 1042 3491 animalibus
1074 3448 1138 3491 esse
1167 3420 1291 3512 μόριόν
1319 3452 1352 3491 τι

203 3523 306 3609 oppon
331 3524 379 3590 δι’
406 3522 508 3610 οὗπερ
535 3524 554 3590 ὁ
580 3521 746 3608 στόμαχος
773 3528 859 3607 (gula,
885 3528 1079 3607 ventriculus)
1106 3529 1239 3589 τέταται
1266 3527 1352 3612 πρὸς

205 3624 264 3709 τὴν
288 3624 572 3702 κοι1111111111111,
599 3625 630 3687 id
651 3626 730 3704 quod
751 3621 847 3706 μύτις
868 3627 967 3688 audiat
981 3627 1058 3706 apud
1075 3628 1235 3706 quosdam3
1262 3635 1353 3708 atque

206 3725 329 3788 eandem
359 3725 460 3787 sedern
491 3724 602 3786 indicat
631 3723 764 3785 scribens
793 3723 898 3802 fragm.
924 3724 985 3785 315
1012 3725 1101 3785 Rose:
1133 3719 1151 3786 ὁ
1177 3722 1215 3786 δὲ
1240 3722 1356 3808 μήκων

205 3828 312 3887 κεῖται
335 3817 451 3886 ἐπάνω
466 3823 523 3902 τῆς
544 3820 682 3894 κοιλίας.
719 3822 779 3883 lam
796 3822 885 3884 latine
900 3823 971 3903 quid
987 3823 1031 3883 vel
1047 3821 1143 3902 aptius
1160 3841 1247 3903 quam
1264 3814 1356 3887 hila?

205 3924 237 3985 ld
260 3929 361 3984 autem
381 3940 429 3983 111
450 3921 570 3984 iubebat
597 3922 658 3981 1111
683 3929 769 3999 poeta
797 3940 813 3982 a
837 3921 942 4002 plurali
968 3921 1104 3983 hillarum
1136 3940 1263 3984 numero
1290 3943 1354 3986 ma-

205 4021 318 4083 ioribus
334 4020 509 4082 animalibus
525 4019 613 4081 unice
629 4025 697 4098 apto
721 4026 754 4080 ut
769 4019 942 4081 abstineret·
952 4021 1063 4100 quippe
1084 4039 1153 4081 cum
1175 4021 1212 4081 de
1227 4021 1355 4102 {animali

140 4198 144 4205 ν
205 4139 253 4182 111
279 4128 357 4181 esset
383 4120 475 4181 multo
501 4117 679 4198 simpliciore
702 4125 732 4179 st
752 4118 830 4198 quod
851 4136 917 4180 vera
941 4118 1053 4181 viscera
1074 4119 1199 4180 omnino
1220 4136 1282 4180 non
1300 4121 1356 4181 ha·

206 4219 291 4280 beret
311 4218 359 4292 (cf.
375 4219 497 4280 Aristot.
519 4218 621 4296 fragm.
647 4217 781 4293 citatum)
807 4236 905 4298 neque
932 4217 1080 4297 duplicem
1107 4217 1201 4296 ipsam
1228 4219 1355 4281 vesicam

208 4317 260 4378 sed
286 4317 464 4397 simplicem3
491 4324 674 4396 quapropter
701 4314 735 4376 ad
757 4316 914 4377 Laberium
935 4334 1095 4396 provocare
1122 4316 1192 4377 nolo
1217 4317 1267 4396 qui
1294 4333 1356 4378 nu-

210 4433 324 4476 merum
347 4415 526 4494 singularem
551 4414 709 4494 scripserat
724 4413 808 4475 Ribb.
825 4415 905 4476 Com.
924 4434 949 4475 v.
970 4415 1027 4475 115
1045 4420 1145 4494 (atque
1160 4415 1207 4476 hic
1228 4415 1356 4477 maxime
