2902 5040
666 307 909 373 -138-

220 484 368 568 λολόνθη
391 483 446 547 καὶ
469 481 568 568 σφήξ·
598 480 655 545 καὶ
683 478 781 544 ταύτὸ
812 480 849 545 δὲ
869 485 962 561 γένος
991 478 1079 544 ἐστὶ
1108 480 1175 542 καὶ
1204 501 1360 563 πτερω·

220 583 290 647 τὸν
326 582 391 646 καὶ
422 580 599 666 ἄπτερον
629 578 718 645 οἷον
746 573 950 665 μύρμηκάς
980 580 1063 645 οῖσι
1085 601 1147 663 cqs.
1192 581 1263 643 Vide
1291 581 1361 644 lati«

221 703 295 747 nnm
317 684 491 764 scriptorem
515 690 545 744 et
568 682 729 762 parciorem
752 690 782 745 ct
811 691 910 743 tamen
932 681 1005 745 adeo
1033 690 1113 744 certe
1139 698 1242 760 graeco
1270 680 1361 743 obse-

221 791 362 866 quantem
386 790 419 844 ut
439 800 493 862 pro
514 792 547 842 nt
568 785 630 843 iuri
654 782 809 844 restituere
836 781 922 861 plane
944 781 1048 843 liceat:
1077 789 1109 842 ut
1129 779 1192 842 isli.
1235 779 1268 840 ld
1290 799 1360 844 vcro

220 883 375 944 temerarie
407 881 491 951 lecit,
525 880 604 960 quod
639 880 726 942 etiam
760 879 917 961 pedibus
946 897 1045 942 carere
1066 879 1144 941 iulos
1164 878 1254 940 dixit:
1289 886 1361 940 sunt

220 981 301 1043 enim
325 980 424 1062 potius
445 979 623 1059 multipedes
648 980 696 1054 (cl.
712 980 833 1041 aristot.
849 998 878 1059 p.
895 977 988 1040 6828
1003 978 1043 1054 3).
1081 979 1142 1041 lam
1165 985 1248 1041 tenes
1270 977 1361 1056 igitur

219 1079 345 1142 Romani
378 1078 530 1159 scriptoris
563 1076 675 1140 indocti
706 1078 965 1157 interpolationem
988 1077 1078 1139 talem
1100 1091 1175 1157 quae
1197 1075 1360 1139 absurdum

220 1179 291 1239 illud
314 1177 482 1258 pudusdom
502 1186 602 1239 ternae
623 1178 700 1257 apud
723 1177 850 1240 Plinium
873 1175 912 1239 tx
927 1175 967 1237 73
983 1176 1034 1253 (cf.
1048 1177 1135 1238 trist.
1152 1195 1179 1256 p.
1196 1174 1289 1238 4893
1304 1173 1360 1255 24)

220 1285 300 1338 recte
322 1276 398 1338 tradi
420 1277 599 1356 persuadeat
619 1276 699 1356 quod
722 1275 816 1337 eicere
836 1275 905 1338 inde
927 1275 965 1336 ab
985 1274 1136 1337 llarduino
1157 1274 1289 1337 invaluit.

305 1375 542 1455 lrascerisuuod
564 1376 701 1437 licentius
725 1375 771 1436 rel
793 1393 899 1454 parum
933 1374 1019 1437 docte
1053 1376 1106 1436 has
1138 1392 1185 1435 res
1218 1379 1361 1437 tractasse

220 1475 352 1554 Trogum
368 1474 544 1554 Pompeium
559 1507 599 1519 -
617 1474 704 1537 modo
725 1493 764 1536 ne
785 1474 840 1537 ista
863 1474 900 1536 de
922 1492 976 1536 suo
991 1473 1104 1536 Plinius
1126 1473 1217 1536 luerit
1238 1471 1289 1552 qui
1311 1472 1360 1534 in·

220 1573 373 1636 iceret-
395 1573 588 1654 arguerimus.
627 1574 740 1636 Tamen
762 1574 871 1636 erroris
892 1573 1044 1635 cuiusdam
1067 1586 1156 1654 quem
1177 1571 1362 1635 commiserit

220 1672 335 1752 Trogus
360 1673 431 1735 satis
458 1673 574 1735 ridiculi
602 1674 684 1736 testis
706 1673 820 1736 Plinius
848 1673 965 1735 ridetur
987 1671 1039 1734 llll
1055 1673 1089 1742 7‚·
1113 1671 1257 1750 siquidem
1281 1671 1362 1733 hunc

220 1790 339 1852 quoque
361 1771 459 1833 locum
482 1791 516 1833 en
540 1772 637 1852 Trogo
659 1773 779 1835 lluxisso
800 1772 961 1852 plausibilis
984 1771 1169 1838 Gutsclrmidi
1189 1770 1362 1834 coniectura

220 1880 277 1934 est„
314 1871 511 1952 summopere
532 1879 634 1933 tamen
656 1870 850 1952 improbabile
872 1871 938 1933 dico
960 1871 1039 1952 quod
1056 1871 1159 1934 doctus
1175 1870 1252 1933 idem
1277 1886 1362 1931 erro·

220 1969 260 2032 ris
282 1969 405 2033 crimine
426 1970 555 2052 Trogum
577 1970 756 2033 liberaturus
775 1972 808 2033 in
829 1971 978 2035 sententia
999 1969 1069 2032 hac:

320 2094 477 2177 Dionysius
500 2097 581 2177 prior
595 2096 708 2160 Siciliae
724 2106 867 2178 tyrannus
890 2096 1012 2178 Regium
1035 2097 1065 2158 in
1087 2092 1192 2157 urbem
1208 2090 1363 2156 transtulit

322 2213 369 2257 eas
392 2193 423 2273 (i.
446 2215 469 2257 e.
494 2197 638 2275 platanos)
662 2196 769 2258 domus
792 2215 862 2259 snae
884 2196 1074 2268 miraculum,
1100 2192 1151 2256 ubi
1172 2200 1277 2274 postca
1298 2195 1361 2254 tao

322 2302 387 2357 tum
409 2294 617 2375 gymnasium
643 2312 699 2356 nec
731 2295 865 2374 potuisse
896 2295 927 2356 in
954 2293 1178 2375 amplitudinem
1198 2282 1361 2370 tegmem

322 2400 375 2454 aut
396 2393 465 2454 alias
488 2392 582 2455 fuisse
604 2393 634 2455 in
650 2393 731 2456 ltalia
754 2410 787 2455 ac
802 2394 979 2493 nominatim
994 2390 1133 2474 Hispania
1156 2385 1233 2471 apud
1256 2399 1361 2452 aucto·

261 2512 285 2519 ’·
303 2489 306 2505 “’
321 2509 369 2552 res
392 2489 544 2553 invenitur

222 2647 275 2713 pro
298 2629 438 2711 Hispania
460 2630 535 2692 male
563 2647 636 2691 sano
658 2631 951 2710 nonlheophrasto
980 2629 1054 2693 duce
1081 2629 1224 2710 scriptum
1245 2630 1362 2711 spanias

221 2729 315 2790 fuisse
329 2729 465 2808 sumpsit,
481 2728 532 2790 sed
551 2726 719 2809 Cispadane.
750 2730 857 2792 Parum
874 2714 960 2791 mesi
977 2729 1059 2791 andis
1075 2726 1213 2790 feliciter:
1230 2722 1270 2789 an
1284 2729 1362 2790 torte

221 2827 301 2889 ltalia
324 2827 422 2888 minus
445 2839 579 2888 nomen
603 2836 647 2889 est
670 2846 757 2907 quam
781 2823 967 2909 Cispadane?
994 2836 1081 2907 atque
1104 2845 1177 2888 nram
1200 2824 1361 2907 quidquam

222 2925 346 3006 aliquo
379 2926 461 2987 loco
492 2925 713 2987 nominatim
745 2926 936 2989 esse'latine
957 2928 1012 2988 dici
1035 2928 1075 2988 ita
1097 2925 1214 3005 poterit,
1243 2934 1362 2987 utnon

222 3024 314 3105 ipsius
336 3024 391 3094 rei,
417 3024 547 3086 sed'loci
570 3040 682 3085 nomen
703 3023 915 3104 promittatur?
959 3024 1036 3087 llihil
1058 3033 1156 3085 autern
1180 3023 1270 3103 magis
1292 3041 1363 3104 per·

221 3123 356 3204 spionum
372 3138 461 3203 quam
477 3132 651 3203 corruptum
666 3134 718 3185 οκτ
731 3142 796 3187 esse
810 3125 890 3204 quod
906 3124 1013 3197 anteit3
1032 3123 1130 3202 itaque
1146 3123 1235 3185 simul
1249 3123 1275 3185 si
1290 3143 1362 3186 sen-

222 3223 296 3283 seris
311 3239 399 3302 quam
412 3234 501 3301 prave
516 3230 546 3283 et
559 3227 592 3284 sio
607 3222 822 3302 amplitudinem
837 3238 986 3304 capescere
1000 3232 1031 3284 et
1045 3222 1119 3284 ulios
1129 3224 1218 3302 fuisse
1232 3227 1264 3285 iac
1274 3220 1361 3286 ltalia

221 3321 367 3383 sententia
402 3339 461 3383 una
489 3319 745 3401 constringantur,
784 3339 844 3382 non
875 3323 987 3400 poteris
1013 3339 1076 3383 non
1115 3321 1155 3382 ita
1192 3339 1360 3384 sermonem

222 3421 411 3499 distringere:
449 3437 501 3482 nec
526 3424 649 3500 poterim
683 3425 715 3480 in
743 3422 957 3500 amplitudinem
986 3437 1134 3501 capescere
1163 3424 1258 3496 οίκοες
1288 3420 1362 3483 ulios

221 3521 312 3599 scisse
339 3523 370 3579 in
398 3518 484 3580 ltalia
514 3539 547 3580 uc
575 3524 745 3582 nominatim
780 3523 895 3599 spanias
929 3521 1005 3601 opud
1041 3532 1169 3586 auctores
1203 3524 1360 3583 innonatur.

222 3617 372 3696 Scriptum
396 3626 441 3678 est
463 3619 543 3679 enim
566 3618 643 3699 apud
663 3618 902 3699 Theophrastum
925 3618 962 3679 lv
978 3621 1008 3692 5,
1023 3620 1058 3681 6:
1082 3617 1118 3684 ἐν
1143 3617 1202 3701 μὲν
1230 3616 1292 3702 γὰρ
1314 3618 1360 3700 τῷ

218 3707 334 3799 Ἁδρίᾳ
357 3709 565 3780 πλάτανον
587 3712 775 3799 οὔφασιν
797 3716 883 3780 εἶναι
907 3713 993 3800 πλὴν
1015 3716 1093 3799 περὶ
1114 3714 1152 3780 τὸ
1170 3714 1360 3800 Διομήδους

222 3804 328 3899 ἱερόν·
360 3817 544 3878 offaniae
573 3809 610 3877 δὲ
639 3814 695 3877 καὶ
724 3803 910 3895 ἐνἸταλίᾳ
939 3813 1031 3900 πάσῃ
1055 3836 1114 3898 eqs.

267 3920 269 3925 '
307 3914 400 3975 Porro
423 3923 632 3994 comparentur
654 3916 731 3977 inter
746 3935 778 3976 se
793 3916 869 3979 Plini
893 3915 974 3976 xm
998 3924 1027 3977 et
1042 3915 1207 3978 Aristotelis
1222 3935 1250 3996 p.
1268 3910 1359 3977 563ss

225 4014 368 4095 15sqq.:¹

221 4149 241 4217 ὁ
267 4151 311 4215 dd
340 4146 486 4224 κόκκυξ
514 4148 678 4230 λέγεται
704 4151 777 4235 μὲν
805 4153 943 4233 Coccyx
986 4152 1133 4214 videtur
1177 4171 1215 4214 ex
1240 4152 1360 4214 ¹ucci-

222 4246 400 4327 ὑπόεικον
416 4246 778 4335 agnovissemus}
803 4254 900 4334 pitre
942 4252 1043 4325 fieri,
1083 4260 1258 4332 tempore*¹
1288 4250 1359 4313 anni

222 4348 382 4435 ἱέρακος
411 4349 483 4414 διὰ
510 4350 552 4414 τὸ
581 4346 776 4436 ἆφοινίζε-
804 4350 1360 4432 (eudemiuslX162,X80nelorte

222 4447 777 4534 σθαι-τὸκὶέροικαπκρὶτοῦ-
805 4463 929 4532 tempore
951 4452 1073 4513 conandi
1093 4449 1235 4531 conicias)
1258 4449 1358 4531 ligu-
