2902 5040
674 327 946 441 “¹⁸²5

222 502 300 568 unio
321 502 379 568 ism
402 499 623 582 expectaveris?
650 503 695 567 nel
710 503 735 571 si
750 503 807 571 hoo
822 501 1068 582 intemperantius
1085 511 1262 575 scrutamur,
1279 518 1367 581 para-

220 609 308 667 tusne
341 601 399 668 ism
421 611 485 671 tuus
501 601 558 671 tuit
580 601 677 673 Plinio
692 621 760 671 ouon
776 601 886 671 librum
903 618 1016 668 nonum
1040 596 1255 679 componeret?
1288 599 1368 669 lisso

220 707 320 766 sutem
343 701 476 783 qmestio
499 720 534 768 en
557 703 731 782 quaestione
753 701 843 767 altera
866 700 992 781 pendet,
1016 718 1088 768 oum
1105 698 1216 767 Plinius
1233 699 1366 777 misione

220 800 275 866 islo
308 799 356 866 illa
389 799 515 880 piscium
548 819 655 879 genera
683 804 788 868 reuern'
813 799 985 878 complexus
1015 798 1054 866 sit
1086 807 1207 866 sentum
1237 797 1365 878 quadru-

218 897 297 977 ginta
331 906 470 979 qoeeoor
506 918 595 978 quern
629 919 720 979 super
753 917 911 968 numerum
933 898 1025 963 'nulla
1060 896 1183 963 omnino
1215 915 1282 959 esse
1312 897 1366 959 ad-

218 996 436 1076 1111111142),
470 997 518 1064 vel
544 1016 617 1065 num
651 1018 687 1068 os
720 999 826 1065 eodem
860 997 922 1066 rivo
954 996 1081 1065 derivati
1113 997 1174 1064 sint
1207 995 1365 1065 nominum

218 1095 352 1163 omnium
373 1103 404 1162 et
427 1096 554 1165 calculus
576 1104 606 1165 et
628 1093 799 1176 carnotus?

303 1193 376 1263 Nom
400 1196 738 1278 centumquadraginta
765 1201 905 1275 quattuor
927 1210 1035 1272 genem
1059 1212 1126 1262 esse
1148 1200 1364 1261 memoraverat

217 1290 264 1359 ille
287 1291 345 1362 ism
368 1293 399 1362 in
421 1293 496 1362 libro
519 1312 617 1370 uono;
637 1303 667 1363 et
689 1294 808 1374 quietern
826 1293 983 1359 ediderunt
998 1293 1051 1361 viri
1074 1291 1152 1360 dooti
1176 1289 1250 1367 §43
1274 1291 1361 1358 haee:

213 1393 335 1469 niseum
356 1395 460 1471 metim
481 1403 547 1462 utut
563 1391 660 1460 LXXI
664 1393 689 1455 V
704 1403 822 1472 praetor
844 1396 945 1459 neruo
965 1395 1069 1457 intorto
1091 1409 1163 1471 quoe
1183 1399 1250 1452 suet
1268 1389 1362 1453 XXX.

216 1487 259 1556 ue
281 1489 400 1569 etqutu
419 1491 495 1559 eleos
515 1493 657 1564 diremerit
678 1509 756 1558 nuno
777 1494 852 1556 enim
867 1500 991 1557 naturae
1011 1500 1176 1557 tractaretur
1196 1491 1360 1568 irest'qree'um.

216 1587 318 1656 vertis
348 1589 421 1656 ulios
443 1591 606 1660 (1111111111
629 1590 725 1659 Plinio
749 1589 884 1670 promitti
906 1590 1001 1670 ipsam
1028 1589 1096 1655 libri
1118 1587 1223 1651 XXXII
1244 1607 1360 1667 appen-

216 1686 313 1754 dinero
335 1705 484 1758 consensu
506 1691 570 1754 lere
592 1689 688 1756 adhuc
714 1688 911 1768 adprobatum
936 1687 1067 1761 videtum
1099 1687 1152 1753 seo
1186 1687 1360 1768 aquatilium

216 1785 263 1856 hio
298 1803 406 1866 neuma
445 1805 506 1856 nou
549 1789 615 1869 plus
660 1796 782 1857 eentum
824 1796 855 1855 et
895 1793 1038 1866 quattuor
1081 1784 1232 1852 dicuntur:
1289 1802 1360 1851 nam

214 1883 323 1964 speeie
345 1885 526 1966 neruisque
547 1886 686 1956 notiones
702 1884 872 1966 permisceri
895 1893 986 1963 potet.
1024 1882 1101 1960 Quid
1124 1879 1217 1947 vero?
1243 1882 1358 1947 diversa

214 1983 289 2051 trndi
312 1983 390 2054 lrnnrl
412 1984 495 2053 terte
518 1986 636 2056 medens
658 2004 726 2055 eum
749 1984 927 2065 praesertim
948 1992 1064 2063 prester
1079 1982 1283 2047 centenarium
1301 1999 1360 2048 nu·

138 2075 141 2080 ’
215 2100 331 2150 merum
353 2082 441 2152 etun
457 2094 597 2165 quattuor
613 2083 772 2165 utrobique
794 2084 923 2163 legaturt
945 2083 1109 2153 mutatione
1126 2100 1323 2147 numerorum
1343 2101 1360 2147 o

213 2189 279 2249 tota
300 2182 345 2252 vis
367 2183 519 2256 aberratio.
544 2194 632 2265 etque
647 2184 818 2264 posterioris
833 2182 889 2252 lori
912 2182 1042 2251 isidorus
1060 2182 1216 2244 lectionem
1232 2181 1289 2247 noe
1305 2199 1359 2241 sna

214 2288 336 2350 tutatur.
359 2283 396 2346 lt
408 2301 476 2351 reno
489 2284 539 2363 qui
551 2285 671 2352 tolerari
686 2283 849 2353 absurditas
860 2281 991 2361 potuerit
1007 2300 1070 2344 non
1084 2281 1221 2359 intellego
1238 2280 1284 2346 illa
1301 2297 1358 2361 qua

213 2379 381 2458 apieeibus
409 2382 470 2447 sola
498 2382 706 2452 discernuntur
735 2390 899 2450 crustaeea:
937 2379 1216 2460 aquatilium-euim
1240 2396 1358 2446 summa

212 2477 487 2557 eomprehenditnrr
512 2479 594 2559 rtqni
622 2478 679 2547 nisi
707 2478 784 2548 torte
813 2478 910 2546 mollia
939 2477 1032 2557 magis
1054 2477 1150 2558 pisces
1172 2485 1244 2544 sunt
1267 2495 1357 2560 quarn

212 2584 361 2645 mirouoeo
394 2577 483 2647 otiam
520 2578 617 2646 mollia
651 2577 688 2648 ao
724 2595 871 2649 summam
908 2577 1043 2648 nouenae
1081 2579 1224 2651 fuerumt
1266 2577 1358 2660 initur

212 2674 346 2744 molium
379 2695 523 2747 numerus
556 2677 742 2757 supplendus
765 2685 820 2751 ost,
854 2677 908 2743 lrao
935 2676 1064 2743 ratione:
1101 2676 1221 2739 I'r'seium
1254 2681 1357 2756 sperne

210 2784 278 2840 suot
299 2772 396 2844 LXXI
401 2776 425 2839 V
439 2787 555 2856 prester
576 2777 675 2848 mollio
697 2796 768 2858 pue
789 2786 857 2852 sort
874 2775 923 2845 tt
944 2786 971 2841 et
989 2787 1107 2855 praeter
1129 2777 1231 2841 eruore
1253 2779 1357 2843 intrem

208 2886 369 2954 nertstert
392 2872 490 2948 XXX,·
524 2875 663 2943 videntur
685 2875 767 2942 enim
788 2893 861 2946 sone
884 2874 981 2945 mollia
1004 2874 1155 2954 aliquanto
1177 2875 1262 2955 plura
1285 2883 1356 2943 nota

208 2973 299 3039 fuisse
322 2992 410 3053 quam
433 2983 591 3044 erustooea.

294 3071 365 3141 Esto
398 3071 487 3152 initur
519 3073 563 3141 rei
590 3073 732 3144 memoria
761 3080 888 3152 utroque
915 3073 980 3143 loeo
1003 3072 1148 3141 eiusdem.
1192 3072 1356 3150 Quaeritur

208 3169 321 3238 Plinius
354 3189 429 3240 num
463 3173 642 3251 promissum
679 3171 783 3242 tremit
815 3171 856 3237 tx
877 3170 932 3246 43,
969 3189 1044 3237 noue
1080 3171 1228 3251 promisso
1266 3172 1355 3240 setis-

17 3330 33 3363 1,
179 3269 310 3337 ‘leserit
346 3268 452 3340 XXXII
480 3271 540 3339 144
562 3289 629 3351 sqq.
688 3269 725 3333 lit
769 3278 932 3339 occurrunt
968 3287 1038 3334 sane
1075 3271 1225 3350 promissa
1262 3271 1353 3345 sarm,

207 3369 286 3437 velut
309 3369 358 3436 Vll
374 3367 414 3433 72
436 3369 471 3439 sd
493 3369 602 3440 librum
617 3369 657 3440 XI
673 3367 827 3443 mittimur,
850 3369 877 3433 ll
893 3368 933 3430 30
955 3370 992 3433 ad
1007 3368 1098 3437 XVIII
1113 3379 1144 3437 st
1159 3370 1205 3440 VI,
1221 3368 1275 3437 ΧΗ
1293 3370 1352 3431 100

206 3465 243 3534 ad
264 3465 329 3539 XX„
358 3466 425 3536 XIII
449 3467 509 3536 122
532 3468 568 3538 od
590 3468 664 3542 XVI,
699 3467 764 3538 XIII
789 3469 826 3528 11
858 3468 893 3535 ad
916 3467 1019 3539 XXIII,
1053 3467 1116 3533 XIV
1142 3470 1200 3531 104
1233 3469 1268 3535 ad
1292 3467 1352 3545 XV,

207 3563 270 3632 XIV
293 3565 332 3627 77
361 3565 397 3634 sd
420 3565 522 3640 Xtht,
556 3565 620 3633 XVI
645 3567 704 3636 115
734 3565 895 3638 auxilli,
927 3566 990 3633 XIV
1016 3565 1073 3631 121
1102 3566 1139 3631 ed
1161 3565 1224 3629 XVI
1254 3567 1352 3633 verbis

203 3665 339 3742 mortuo
371 3663 481 3735 dictim
513 3663 668 3737 ouiumt'ttt,
700 3665 736 3734 td
769 3665 861 3735 libros
890 3664 1030 3733 historiae
1058 3665 1229 3732 animalium
1253 3667 1352 3735 mitti-

207 3779 274 3851 mur
289 3761 315 3831 li
331 3761 389 3836 403
416 3763 468 3834 sel
490 3763 522 3834 in
548 3761 613 3842 inse
636 3763 760 3834 historio
782 3763 953 3834 stimulum
974 3763 1187 3842 posterioribus
1209 3764 1284 3832 tocie
1303 3782 1352 3832 res

205 3867 372 3931 reservatur
394 3861 475 3933 nulla
498 3861 558 3930 nisi
579 3880 655 3941 quan
681 3862 720 3931 au
746 3861 853 3931 hethas
880 3869 1039 3933 terrestres
1064 3862 1196 3943 pertinet
1216 3862 1255 3932 IX
1273 3864 1350 3927 141:

206 3957 379 4029 01111132
395 3967 426 4028 et
440 3958 519 4029 XXII
535 3960 563 4020 3.
601 3960 642 4031 lle
665 3959 755 4040 Magis
770 3959 861 4030 XXIV
879 3959 938 4020 167
960 3960 998 4023 ad
1019 3958 1086 4027 libri
1101 3959 1181 4029 XXX
1196 3961 1352 4031 exordisse

174 4057 334 4136 ,delerem
364 4058 509 4129 ridentum
551 4061 649 4145 toque
682 4057 822 4126 omnibus
853 4058 897 4121 his
931 4057 1004 4121 loeis
1030 4057 1142 4129 Plinius
1170 4077 1204 4127 ea
1231 4068 1350 4129 tantum

205 4174 281 4236 quoe
314 4156 411 4236 ptumi
444 4164 518 4227 tunc
550 4174 651 4226 return
680 4175 741 4225 uon
764 4157 957 4228 conveniebat
983 4157 1054 4225 alias
1075 4167 1288 4240 prompturum
1317 4180 1352 4225 se

204 4255 312 4327 molal.
334 4253 487 4326 0011111111
498 4254 573 4321 libro
588 4273 669 4319 nono
686 4251 872 4331 „dicenda
887 4257 1022 4326 animalia
1037 4259 1349 4338 tuquorumamninm

205 4360 458 4434 &annorumqw
476 4352 527 4432 nx
546 4354 585 4434 l),
609 4355 653 4416 vel
677 4373 841 4434 „genera
865 4357 972 4425 lterum
989 4357 1160 4423 aninrslium
1173 4356 1347 4427 dieends“

204 4456 286 4524 Vltro
322 4453 400 4529 ttilnri
432 4451 499 4521 vttt
520 4453 600 4534 fin.):
645 4454 743 4541 itaque
780 4455 895 4523 Plinitns
927 4457 955 4522 si
988 4465 1094 4536 postea
1125 4456 1159 4523 iu
1192 4461 1212 4535 §v
1237 4456 1278 4525 ta
1312 4457 1348 4525 de
