2902 5040
585 321 784 385 -5-

109 500 174 562 Hal.
197 497 253 561 21:
277 499 429 577 nigrum
451 497 565 559 vomit
588 497 651 558 illa
674 516 847 559 cruorem
871 496 923 575 (ita
947 498 1027 559 enim
1050 500 1258 578 complendum

153 616 274 661 versum
309 616 374 658 esse
410 596 486 658 inlra
518 596 705 676 probabitur)
744 615 812 658 cum
845 596 915 658 lllet.
944 598 975 669 V,
1002 596 1059 658 83:
1098 599 1258 661 rutilum

153 697 271 758 vomit
291 697 357 757 illc
380 714 557 757 cruorem.

111 822 175 884 Hal.
201 820 258 881 56:
290 819 438 880 viribus
469 819 615 881 addidit
642 819 732 879 iram
766 836 832 879 cum
861 818 927 878 Met.
956 818 1018 891 Xll,
1047 819 1125 881 532:
1154 821 1260 884 dolor

153 918 302 982 addidit
324 919 416 979 iram
441 927 471 979 et
492 917 560 978 Met.
585 917 632 987 ΙΙΙ,
658 915 735 977 306:
758 916 879 976 minus
901 916 1052 977 addidit
1074 918 1160 979 irae.

110 1036 176 1097 Hal.
200 1036 254 1095 51:
278 1036 349 1095 Aut
371 1033 488 1094 trahit
510 1034 547 1094 in
570 1034 751 1112 p'racceps
775 1050 841 1093 cum
865 1031 929 1091 dm.
954 1032 989 1104 ΙΙ,
1006 1031 1035 1103 9,
1052 1030 1106 1094 29:
1131 1035 1176 1095 Ut
1197 1055 1258 1098 44-

54 1196 57 1204 ,
154 1135 209 1216 pit
229 1134 266 1194 in
289 1151 470 1213 praeceps
494 1140 523 1194 et
545 1131 611 1193 lllet.
636 1132 671 1205 ΙΙ,
695 1131 750 1192 69:
774 1131 822 1191 Ne
843 1130 943 1191 lerar
965 1131 1003 1191 in
1026 1149 1215 1213 praeceps.

111 1253 176 1314 Hal.
202 1249 276 1310 119:
302 1257 458 1329 epastas
481 1249 586 1311 solus
610 1249 673 1329 qui
702 1248 871 1310 ruminat
899 1267 1001 1309 escas
1032 1267 1099 1310 cum
1123 1251 1187 1312 Am.
1210 1252 1258 1324 ΙΙΙ,

156 1347 257 1424 5,172
280 1349 378 1411 lente
400 1355 591 1409 revocatas
613 1347 778 1409 ruminat
800 1345 945 1407 herbas.

199 1481 303 1560 ltaque
325 1479 466 1541 Ovidiana
487 1479 518 1539 in
539 1476 711 1540 Halienticis
740 1475 881 1538 memoria
908 1495 970 1538 non
1000 1478 1142 1553 obscura3
1175 1477 1260 1540 cuius
1343 1513 1355 1520 -

112 1582 204 1645 etiam
226 1578 309 1659 plura
331 1576 461 1655 exempla
484 1595 500 1636 a
523 1594 570 1636 me
594 1576 704 1655 passim
727 1575 835 1636 adferri
866 1574 988 1636 videbis.
1033 1577 1145 1638 Tamen
1168 1585 1260 1639 utne

113 1698 201 1758 parva
225 1678 345 1758 quidem
366 1675 408 1736 illi
430 1675 606 1743 dandonem,
630 1675 661 1735 in
682 1674 788 1735 ultimo
811 1675 945 1753 exemplo
969 1674 1054 1752 quale
1076 1675 1112 1736 ab
1135 1695 1170 1736 eo
1193 1675 1260 1756 qui-

114 1780 185 1839 dem
207 1774 384 1838 adscribitur
406 1773 569 1835 similitudo
593 1773 685 1844 nulla;
715 1791 782 1834 4444
805 1781 904 1833 tamen
928 1773 999 1834 latet
1021 1772 1146 1835 imitatio
1171 1793 1259 1853 quam

113 1876 271 1938 ostendam
310 1893 339 1953 p.
375 1873 426 1935 36.
491 1872 584 1932 Porro
627 1871 866 1933 subtrahendum
915 1872 1004 1934 etiam
1043 1873 1260 1951 paenultimum

114 1974 294 2055 exemplum,
316 1971 385 2052 quia
407 1970 566 2049 Vergilium
589 1988 709 2050 quoque
731 1970 779 2031 hic
801 1971 909 2031 imitari
925 1977 1011 2049 poeta
1027 1978 1144 2049 poterat
1159 1971 1261 2035 dicen-

114 2084 194 2136 tem:
229 2074 318 2150 Atque
348 2070 433 2131 t'llum
464 2073 497 2130 io
519 2087 655 2148 praeceps
679 2086 773 2148 prono
804 2072 881 2148 rapit
908 2069 1006 2130 alecus
1035 2075 1115 2130 omni
1141 2069 1260 2151 (Georg.

114 2174 137 2244 Ι,
159 2170 233 2244 203,
261 2172 298 2231 cl.
321 2169 394 2230 den.
411 2168 456 2240 Vl,
484 2165 561 2227 578:
597 2165 738 2228 Tortores
766 2171 823 2246 ipse
855 2167 905 2228 nu
929 2178 1007 2246 potet
1034 2171 1066 2229 ia
1091 2173 1261 2248 praeceps);

115 2270 350 2333 subtrahendum
385 2267 474 2329 ctiam
508 2266 636 2345 primum
678 2285 743 2326 esse
779 2266 857 2327 infra
890 2267 1016 2328 fortasse
1050 2266 1103 2328 tibi
1135 2287 1261 2346 persua-

114 2368 230 2430 debitur
255 2368 329 2428 lecta
352 2364 455 2444 pagina
479 2364 534 2438 553
557 2364 683 2426 fortasse
705 2365 791 2425 etiam
814 2364 934 2426 tertium
955 2364 1060 2444 pagina
1084 2366 1141 2442 203
1164 2386 1260 2447 neque

118 2469 153 2528 de
186 2474 269 2528 sexto
303 2462 436 2543 exemplo
470 2463 629 2524 tacendum
664 2464 712 2544 est
746 2464 874 2525 eundem
909 2464 1066 2542 praeivisse
1102 2465 1260 2543 Vergilium

117 2567 195 2646 apud
228 2582 316 2644 quem
352 2568 412 2624 est:
448 2580 576 2623 crossum
609 2565 696 2624 vomit
728 2580 776 2623 ore
806 2580 936 2634 acuerem
970 2566 1039 2622 den.
1073 2561 1108 2632 ΙΙ,
1138 2563 1199 2624 349
1233 2572 1262 2625 44

118 2670 241 2726 maiatum
272 2664 380 2740 epotatis
406 2664 495 2722 comit
528 2678 577 2722 ore
611 2677 741 2721 artiorem
769 2660 873 2739 Georg.
894 2659 942 2731 ΙΙΙ,
966 2659 1036 2719 516.
1081 2659 1154 2720 lllud
1184 2681 1261 2740 quo-

117 2783 174 2843 que
197 2760 374 2822 Ouidianum
397 2759 429 2819 in
450 2758 739 2837 Metamorphosibus
766 2763 860 2820 mitius
888 2758 996 2820 addidit
1024 2763 1088 2818 troc
1118 2760 1261 2821 veriorem

118 2867 197 2923 certe
224 2859 404 2920 imitatorem
433 2857 570 2919 excitavit
598 2857 750 2919 Lucanum
779 2858 829 2936 qui
859 2857 991 2937 scripsit:
1030 2867 1140 2920 tomum
1166 2866 1262 2919 tomen

118 2960 228 3021 addidit
256 2961 316 3018 irae
343 2956 364 3028 Ι,
393 2953 470 3029 2923
504 2962 635 3015 ceterum
668 2955 755 3016 Silius
784 2955 917 3016 italicus:
953 2955 1096 3018 addebant
1121 2957 1262 3018 mentibus

117 3062 178 3118 iras
199 3054 249 3128 IX,
273 3053 345 3114 454.
390 3053 523 3132 lienique
547 3060 648 3114 contra
671 3062 769 3114 totum
792 3053 871 3114 istud
894 3063 1101 3133 argumentum
1126 3055 1261 3133 disputa-

117 3164 261 3218 turumne
298 3171 347 3212 me
381 3147 556 3230 exspectas?
602 3151 659 3212 Sed
693 3149 766 3212 nihil
798 3169 881 3230 agere
914 3152 994 3213 nolo.
1050 3152 1196 3214 Nimirum
1230 3153 1261 3214 id

116 3258 215 3336 ipsum
244 3250 402 3312 ostendere
436 3269 462 3309 4.
492 3249 519 3309 d.
548 3250 649 3310 omisit
676 3249 882 3311 similitudines
907 3249 970 3310 illas
998 3250 1133 3312 imitandi
1160 3251 1260 3312 studio

118 3362 195 3416 ortas
227 3368 291 3412 4444
319 3365 393 3410 non
420 3366 532 3428 posse
558 3383 601 3391 ——
628 3349 660 3409 in
689 3368 747 3427 quo
775 3355 875 3410 tamen
904 3367 1008 3410 444444
1036 3349 1123 3410 cardo
1146 3349 1261 3429 positus

117 3463 172 3516 cst.
216 3455 320 3533 ltaque
348 3451 503 3514 monuisse
529 3451 600 3513 satis
623 3452 765 3513 habemns
787 3450 843 3512 sub
867 3451 992 3531 imperio
1015 3452 1140 3513 Neronis
1162 3470 1261 3531 neque

118 3572 178 3614 non
201 3551 303 3614 Claudi
325 3549 426 3611 Tiberi
448 3549 528 3610 inter
553 3551 680 3612 Senecae
707 3549 834 3611 maxime
865 3551 998 3629 aequales
1029 3558 1059 3612 et
1086 3550 1168 3612 Persi
1192 3551 1262 3612 Ovi-

118 3651 197 3712 diani
233 3649 339 3712 eoloris
370 3668 534 3728 vocumque
563 3649 772 3710 Ovidianarum
807 3669 954 3711 summam
988 3668 1061 3710 sane
1096 3648 1261 3710 obtinuisse

117 3749 330 3830 captationem,
361 3765 457 3827 neque
485 3747 540 3808 bac
574 3766 607 3808 re
642 3748 800 3827 quidquam
831 3748 929 3809 tritius
956 3756 1006 3810 aut
1035 3748 1128 3827 magis
1155 3756 1260 3808 notum

118 3855 172 3909 cst.
215 3847 313 3919 Quam
328 3845 354 3906 si
371 3846 436 3926 quis
453 3846 489 3906 de
505 3844 675 3907 Halieuticis
694 3847 790 3907 valere
812 3864 899 3925 posse
923 3845 1051 3925 negabit,
1074 3854 1103 3907 44
1117 3845 1260 3907 Heroidas

118 3948 152 4008 ad
187 3963 278 4006 unam
313 3963 416 4006 omnes
444 3944 584 4006 obtrudat
611 3945 721 4006 Nasoni
750 3952 779 4005 et
810 3945 938 4007 Culicem
968 3944 1093 4024 Vergilio
1121 3952 1152 4005 et
1180 3944 1260 4005 Cirio

117 4044 241 4123 Vergilio
264 4043 352 4105 simul
374 4062 409 4104 ae
431 4043 542 4105 Catullo
566 4051 594 4104 et
609 4042 790 4122 Lygdamum
806 4043 922 4104 Tibullo
937 4042 1130 4121 simulatque
1146 4041 1258 4120 Ouidio,

118 4143 248 4222 deniquo
271 4141 360 4204 etiam
384 4140 605 4202 Consolatorem
628 4141 710 4202 illum
735 4143 771 4202 de
793 4151 890 4203 morte
913 4141 999 4202 llrusi
1022 4142 1059 4202 ad
1074 4140 1183 4201 Liviam
1208 4140 1260 4221 qui

118 4241 267 4303 Ovidianis
289 4247 389 4318 turget
410 4238 558 4300 Tomitam
580 4258 612 4300 re
634 4258 701 4300 4444
723 4240 812 4301 fuisse
835 4239 1003 4301 altirmabit.

203 4338 384 4400 Substruere
400 4326 490 4398 etiam
513 4337 567 4398 alia
590 4346 713 4398 conatus
735 4344 780 4398 est
801 4357 828 4397 4.
846 4338 891 4412 4.,
914 4356 961 4398 444
984 4345 1053 4398 sunt
1076 4352 1147 4396 sane
1168 4354 1258 4416 quam

119 4437 300 4501 minusculae
316 4445 346 4497 et
361 4437 486 4498 fortasse
501 4455 573 4515 quas
591 4437 728 4499 omittere
741 4436 842 4511 liceat;
865 4436 922 4498 nisi
938 4434 1115 4515 quodetiam
1133 4433 1257 4496 nimiam
