<?xml version="1.0" encoding="UTF-8"?>
<!DOCTYPE html PUBLIC "-//W3C//DTD XHTML 1.0 Transitional//EN"
    "http://www.w3.org/TR/xhtml1/DTD/xhtml1-transitional.dtd">
<html xmlns="http://www.w3.org/1999/xhtml" xml:lang="en" lang="en">
 <head>
  <title>
</title>
<meta http-equiv="Content-Type" content="text/html;charset=utf-8" />
  <meta name='ocr-system' content='tesseract 3.04.00' />
  <meta name='ocr-capabilities' content='ocr_page ocr_carea ocr_par ocr_line ocrx_word'/>
</head>
<body>
  <div class='ocr_page' id='page_1' title='image "./dehalieuticisov00birtgoog_0122.png"; bbox 0 0 2902 5040; ppageno 0'>
   <div class='ocr_carea' id='block_1_1' title="bbox 664 314 887 379">
    <p class='ocr_par' dir='ltr' id='par_1_1' title="bbox 664 314 887 379">
     <span class='ocr_line' id='line_1_1' title="bbox 664 314 887 379; baseline -0.013 -18"><span class='ocrx_word' id='word_1_1' title='bbox 664 314 887 379; x_wconf 74' lang='grc'>..86-</span> 
     </span>
    </p>
   </div>
   <div class='ocr_carea' id='block_1_2' title="bbox 201 487 1352 1952">
    <p class='ocr_par' dir='ltr' id='par_1_2' title="bbox 202 487 1349 948">
     <span class='ocr_line' id='line_1_2' title="bbox 202 487 1348 574; baseline -0.001 -20"><span class='ocrx_word' id='word_1_2' title='bbox 202 495 233 555; x_wconf 94' lang='lat' dir='ltr'><strong>in</strong></span> <span class='ocrx_word' id='word_1_3' title='bbox 247 493 353 574; x_wconf 91' lang='lat' dir='ltr'><strong>quibus</strong></span> <span class='ocrx_word' id='word_1_4' title='bbox 366 492 503 554; x_wconf 80' lang='lat' dir='ltr'><strong>infinitivi</strong></span> <span class='ocrx_word' id='word_1_5' title='bbox 514 493 608 553; x_wconf 85' lang='lat' dir='ltr'><strong>forma</strong></span> <span class='ocrx_word' id='word_1_6' title='bbox 620 492 742 553; x_wconf 89' lang='lat' dir='ltr'><strong>suborta</strong></span> <span class='ocrx_word' id='word_1_7' title='bbox 755 507 815 552; x_wconf 93' lang='lat' dir='ltr'><strong>uon</strong></span> <span class='ocrx_word' id='word_1_8' title='bbox 828 499 896 552; x_wconf 90' lang='lat' dir='ltr'><strong>aute</strong></span> <span class='ocrx_word' id='word_1_9' title='bbox 910 496 1008 552; x_wconf 89' lang='lat' dir='ltr'><strong>ortum</strong></span> <span class='ocrx_word' id='word_1_10' title='bbox 1019 487 1275 573; x_wconf 74' lang='lat' dir='ltr'><strong>illuddovoipsvu.</strong></span> <span class='ocrx_word' id='word_1_11' title='bbox 1294 492 1348 553; x_wconf 88' lang='lat' dir='ltr'><strong>Se-</strong></span> 
     </span>
     <span class='ocr_line' id='line_1_3' title="bbox 202 589 1348 672; baseline -0.002 -19"><span class='ocrx_word' id='word_1_12' title='bbox 202 591 304 672; x_wconf 82' lang='lat' dir='ltr'>quitur</span> <span class='ocrx_word' id='word_1_13' title='bbox 315 625 357 635; x_wconf 86' lang='lat'>-</span> <span class='ocrx_word' id='word_1_14' title='bbox 369 600 516 672; x_wconf 87' lang='lat' dir='ltr'><strong>quatenus</strong></span> <span class='ocrx_word' id='word_1_15' title='bbox 532 609 568 651; x_wconf 86' lang='lat' dir='ltr'><strong>ex</strong></span> <span class='ocrx_word' id='word_1_16' title='bbox 584 590 750 652; x_wconf 87' lang='lat' dir='ltr'><strong>coniectura</strong></span> <span class='ocrx_word' id='word_1_17' title='bbox 762 589 963 653; x_wconf 90' lang='lat' dir='ltr'><strong>coniecturam</strong></span> <span class='ocrx_word' id='word_1_18' title='bbox 977 591 1072 651; x_wconf 84' lang='lat' dir='ltr'><strong>tacere</strong></span> <span class='ocrx_word' id='word_1_19' title='bbox 1084 589 1348 664; x_wconf 83' lang='lat' dir='ltr'><strong>condonabitur-</strong></span> 
     </span>
     <span class='ocr_line' id='line_1_4' title="bbox 203 684 1349 771; baseline -0.003 -19"><span class='ocrx_word' id='word_1_20' title='bbox 203 699 236 752; x_wconf 91' lang='lat' dir='ltr'><strong>ut</strong></span> <span class='ocrx_word' id='word_1_21' title='bbox 262 689 349 750; x_wconf 90' lang='lat' dir='ltr'><strong>etiam</strong></span> <span class='ocrx_word' id='word_1_22' title='bbox 376 689 407 751; x_wconf 94' lang='lat' dir='ltr'><strong>in</strong></span> <span class='ocrx_word' id='word_1_23' title='bbox 433 689 539 768; x_wconf 88' lang='lat' dir='ltr'><strong>quinto</strong></span> <span class='ocrx_word' id='word_1_24' title='bbox 566 688 639 749; x_wconf 92' lang='lat' dir='ltr'><strong>libro</strong></span> <span class='ocrx_word' id='word_1_25' title='bbox 667 687 744 770; x_wconf 82' lang='grc' dir='ltr'><strong><em>περὶ</em></strong></span> <span class='ocrx_word' id='word_1_26' title='bbox 764 689 822 750; x_wconf 85' lang='grc' dir='ltr'><strong>τοῦ</strong></span> <span class='ocrx_word' id='word_1_27' title='bbox 844 685 946 750; x_wconf 81' lang='grc' dir='ltr'><em>καλοῦ</em></span> <span class='ocrx_word' id='word_1_28' title='bbox 972 686 1029 749; x_wconf 81' lang='grc' dir='ltr'><strong>καὶ</strong></span> <span class='ocrx_word' id='word_1_29' title='bbox 1047 688 1103 770; x_wconf 80' lang='grc' dir='ltr'><strong>τῆς</strong></span> <span class='ocrx_word' id='word_1_30' title='bbox 1125 684 1245 771; x_wconf 79' lang='grc' dir='ltr'><em>ἡδονῆς</em></span> <span class='ocrx_word' id='word_1_31' title='bbox 1271 689 1349 751; x_wconf 90' lang='lat' dir='ltr'><strong>sicut</strong></span> 
     </span>
     <span class='ocr_line' id='line_1_5' title="bbox 203 787 1348 868; baseline -0.002 -18"><span class='ocrx_word' id='word_1_32' title='bbox 203 789 281 868; x_wconf 91' lang='lat' dir='ltr'><strong>apud</strong></span> <span class='ocrx_word' id='word_1_33' title='bbox 297 788 488 849; x_wconf 81' lang='lat' dir='ltr'>Plutarchum</span> <span class='ocrx_word' id='word_1_34' title='bbox 510 787 637 849; x_wconf 89' lang='lat' dir='ltr'><strong>maiores</strong></span> <span class='ocrx_word' id='word_1_35' title='bbox 655 806 809 849; x_wconf 89' lang='lat' dir='ltr'><strong>scarorum</strong></span> <span class='ocrx_word' id='word_1_36' title='bbox 834 787 1064 867; x_wconf 85' lang='lat' dir='ltr'><strong>anthiarumque</strong></span> <span class='ocrx_word' id='word_1_37' title='bbox 1083 787 1241 850; x_wconf 72' lang='lat' dir='ltr'><strong>societates</strong></span> <span class='ocrx_word' id='word_1_38' title='bbox 1261 788 1348 867; x_wconf 91' lang='lat' dir='ltr'><strong>pinae</strong></span> 
     </span>
     <span class='ocr_line' id='line_1_6' title="bbox 202 886 425 948; baseline -0.009 0"><span class='ocrx_word' id='word_1_39' title='bbox 202 886 425 948; x_wconf 76' lang='lat' dir='ltr'><strong>antecesserint.</strong></span> 
     </span>
    </p>

    <p class='ocr_par' dir='ltr' id='par_1_3' title="bbox 201 979 1352 1952">
     <span class='ocr_line' id='line_1_7' title="bbox 287 979 1349 1068; baseline 0.004 -25"><span class='ocrx_word' id='word_1_40' title='bbox 287 984 329 1044; x_wconf 89' lang='lat' dir='ltr'><strong>Dc</strong></span> <span class='ocrx_word' id='word_1_41' title='bbox 345 981 558 1063; x_wconf 84' lang='lat' dir='ltr'><strong>compositione</strong></span> <span class='ocrx_word' id='word_1_42' title='bbox 578 982 722 1045; x_wconf 92' lang='lat' dir='ltr'><strong>librorum</strong></span> <span class='ocrx_word' id='word_1_43' title='bbox 750 981 827 1063; x_wconf 78' lang='grc' dir='ltr'><em>περὶ</em></span> <span class='ocrx_word' id='word_1_44' title='bbox 853 981 912 1044; x_wconf 81' lang='grc' dir='ltr'><strong>τοῦ</strong></span> <span class='ocrx_word' id='word_1_45' title='bbox 938 979 1040 1046; x_wconf 81' lang='grc' dir='ltr'><em>καλοῦ</em></span> <span class='ocrx_word' id='word_1_46' title='bbox 1066 981 1122 1045; x_wconf 80' lang='grc' dir='ltr'><strong>καὶ</strong></span> <span class='ocrx_word' id='word_1_47' title='bbox 1148 985 1205 1066; x_wconf 85' lang='grc' dir='ltr'><strong>τῆς</strong></span> <span class='ocrx_word' id='word_1_48' title='bbox 1230 979 1349 1068; x_wconf 79' lang='grc' dir='ltr'><em>ἡδονῆς</em></span> 
     </span>
     <span class='ocr_line' id='line_1_8' title="bbox 201 1082 1348 1163; baseline 0.001 -19"><span class='ocrx_word' id='word_1_49' title='bbox 201 1083 274 1154; x_wconf 90' lang='lat' dir='ltr'><strong>nihil</strong></span> <span class='ocrx_word' id='word_1_50' title='bbox 300 1083 396 1143; x_wconf 87' lang='lat' dir='ltr'><strong>adhuc</strong></span> <span class='ocrx_word' id='word_1_51' title='bbox 419 1090 606 1160; x_wconf 90' lang='lat' dir='ltr'><strong>compertum</strong></span> <span class='ocrx_word' id='word_1_52' title='bbox 633 1082 786 1144; x_wconf 88' lang='lat' dir='ltr'><strong>habemus.</strong></span> <span class='ocrx_word' id='word_1_53' title='bbox 830 1082 872 1143; x_wconf 92' lang='lat' dir='ltr'><strong>Ne</strong></span> <span class='ocrx_word' id='word_1_54' title='bbox 893 1091 1103 1160; x_wconf 80' lang='lat' dir='ltr'><strong>argumentum</strong></span> <span class='ocrx_word' id='word_1_55' title='bbox 1130 1083 1250 1163; x_wconf 83' lang='lat' dir='ltr'><strong>quidem</strong></span> <span class='ocrx_word' id='word_1_56' title='bbox 1277 1085 1348 1162; x_wconf 88' lang='lat' dir='ltr'><strong>quid</strong></span> 
     </span>
     <span class='ocr_line' id='line_1_9' title="bbox 202 1181 1351 1261; baseline 0.001 -19"><span class='ocrx_word' id='word_1_57' title='bbox 202 1181 292 1243; x_wconf 88' lang='lat' dir='ltr'><strong>luerit</strong></span> <span class='ocrx_word' id='word_1_58' title='bbox 311 1200 352 1242; x_wconf 84' lang='lat' dir='ltr'><strong>ex</strong></span> <span class='ocrx_word' id='word_1_59' title='bbox 372 1181 522 1242; x_wconf 78' lang='lat' dir='ltr'><strong>Athenaeo</strong></span> <span class='ocrx_word' id='word_1_60' title='bbox 547 1198 634 1242; x_wconf 87' lang='lat' dir='ltr'><strong>eruas</strong></span> <span class='ocrx_word' id='word_1_61' title='bbox 661 1181 711 1260; x_wconf 93' lang='lat' dir='ltr'><strong>qui</strong></span> <span class='ocrx_word' id='word_1_62' title='bbox 737 1198 858 1260; x_wconf 78' lang='lat' dir='ltr'><strong>paterga</strong></span> <span class='ocrx_word' id='word_1_63' title='bbox 883 1190 1002 1242; x_wconf 91' lang='lat' dir='ltr'><strong>tantum</strong></span> <span class='ocrx_word' id='word_1_64' title='bbox 1025 1181 1132 1261; x_wconf 91' lang='lat' dir='ltr'><strong>quibus</strong></span> <span class='ocrx_word' id='word_1_65' title='bbox 1157 1181 1351 1244; x_wconf 83' lang='lat' dir='ltr'><strong>illollorebat</strong></span> 
     </span>
     <span class='ocr_line' id='line_1_10' title="bbox 203 1278 1348 1360; baseline 0.003 -19"><span class='ocrx_word' id='word_1_66' title='bbox 203 1298 291 1341; x_wconf 90' lang='lat' dir='ltr'><strong>suum</strong></span> <span class='ocrx_word' id='word_1_67' title='bbox 317 1279 349 1340; x_wconf 95' lang='lat' dir='ltr'><strong>in</strong></span> <span class='ocrx_word' id='word_1_68' title='bbox 375 1297 464 1341; x_wconf 89' lang='lat' dir='ltr'><strong>usum</strong></span> <span class='ocrx_word' id='word_1_69' title='bbox 486 1278 638 1354; x_wconf 79' lang='lat' dir='ltr'><strong>extraxit3</strong></span> <span class='ocrx_word' id='word_1_70' title='bbox 671 1286 870 1340; x_wconf 88' lang='lat' dir='ltr'><strong>memoratum</strong></span> <span class='ocrx_word' id='word_1_71' title='bbox 898 1280 994 1340; x_wconf 87' lang='lat' dir='ltr'><strong>fuerat</strong></span> <span class='ocrx_word' id='word_1_72' title='bbox 1016 1279 1049 1340; x_wconf 92' lang='lat' dir='ltr'><strong>in</strong></span> <span class='ocrx_word' id='word_1_73' title='bbox 1075 1287 1181 1360; x_wconf 89' lang='lat' dir='ltr'><strong>quarto</strong></span> <span class='ocrx_word' id='word_1_74' title='bbox 1207 1280 1284 1342; x_wconf 90' lang='lat' dir='ltr'><strong>libro</strong></span> <span class='ocrx_word' id='word_1_75' title='bbox 1309 1279 1348 1344; x_wconf 83' lang='grc' dir='ltr'><strong>τὸ</strong></span> 
     </span>
     <span class='ocr_line' id='line_1_11' title="bbox 203 1368 1350 1460; baseline 0.001 -20"><span class='ocrx_word' id='word_1_76' title='bbox 203 1369 366 1460; x_wconf 72' lang='grc' dir='ltr'><em>ξύρεσθαι</em></span> <span class='ocrx_word' id='word_1_77' title='bbox 399 1375 457 1440; x_wconf 78' lang='grc' dir='ltr'><strong>τὸν</strong></span> <span class='ocrx_word' id='word_1_78' title='bbox 493 1370 641 1453; x_wconf 72' lang='grc' dir='ltr'><em>πώγωνα</em></span> <span class='ocrx_word' id='word_1_79' title='bbox 679 1372 752 1447; x_wconf 76' lang='grc' dir='ltr'><strong>κατ’</strong></span> <span class='ocrx_word' id='word_1_80' title='bbox 787 1368 1003 1458; x_wconf 79' lang='grc' dir='ltr'><em>Ἀλέξανδρον</em></span> <span class='ocrx_word' id='word_1_81' title='bbox 1031 1378 1098 1438; x_wconf 83' lang='lat' dir='ltr'><strong>dth.</strong></span> <span class='ocrx_word' id='word_1_82' title='bbox 1120 1397 1147 1456; x_wconf 90' lang='lat' dir='ltr'><strong>p.</strong></span> <span class='ocrx_word' id='word_1_83' title='bbox 1171 1378 1232 1439; x_wconf 84' lang='lat'><strong>565</strong></span> <span class='ocrx_word' id='word_1_84' title='bbox 1252 1379 1287 1450; x_wconf 78' lang='lat' dir='ltr'><strong>t,</strong></span> <span class='ocrx_word' id='word_1_85' title='bbox 1317 1380 1350 1441; x_wconf 90' lang='lat' dir='ltr'><strong>in</strong></span> 
     </span>
     <span class='ocr_line' id='line_1_12' title="bbox 202 1469 1349 1556; baseline 0.003 -20"><span class='ocrx_word' id='word_1_86' title='bbox 202 1477 308 1538; x_wconf 85' lang='lat' dir='ltr'><strong>eodem</strong></span> <span class='ocrx_word' id='word_1_87' title='bbox 323 1494 432 1537; x_wconf 79' lang='lat' dir='ltr'><strong>caenae</strong></span> <span class='ocrx_word' id='word_1_88' title='bbox 448 1469 523 1536; x_wconf 89' lang='lat' dir='ltr'><strong>duae</strong></span> <span class='ocrx_word' id='word_1_89' title='bbox 539 1472 574 1536; x_wconf 76' lang='grc' dir='ltr'><strong>δν</strong></span> <span class='ocrx_word' id='word_1_90' title='bbox 592 1477 726 1555; x_wconf 80' lang='grc' dir='ltr'><em>Λυκείῳ</em></span> <span class='ocrx_word' id='word_1_91' title='bbox 742 1496 777 1535; x_wconf 80' lang='grc' dir='ltr'><strong>τε</strong></span> <span class='ocrx_word' id='word_1_92' title='bbox 792 1473 848 1534; x_wconf 79' lang='grc' dir='ltr'><strong>καὶ</strong></span> <span class='ocrx_word' id='word_1_93' title='bbox 860 1469 1045 1556; x_wconf 78' lang='grc' dir='ltr'><strong>Ἀκαδημίᾳ</strong></span> <span class='ocrx_word' id='word_1_94' title='bbox 1060 1475 1178 1537; x_wconf 89' lang='lat' dir='ltr'><strong>habitae</strong></span> <span class='ocrx_word' id='word_1_95' title='bbox 1192 1496 1221 1555; x_wconf 91' lang='lat' dir='ltr'><strong>p.</strong></span> <span class='ocrx_word' id='word_1_96' title='bbox 1236 1476 1297 1538; x_wconf 82' lang='lat'><strong>137</strong></span> <span class='ocrx_word' id='word_1_97' title='bbox 1311 1480 1349 1554; x_wconf 74' lang='lat' dir='ltr'><strong>l&#39;3</strong></span> 
     </span>
     <span class='ocr_line' id='line_1_13' title="bbox 202 1570 1350 1656; baseline 0.002 -20"><span class='ocrx_word' id='word_1_98' title='bbox 202 1577 234 1637; x_wconf 95' lang='lat' dir='ltr'><strong>in</strong></span> <span class='ocrx_word' id='word_1_99' title='bbox 260 1576 364 1656; x_wconf 91' lang='lat' dir='ltr'><strong>quinto</strong></span> <span class='ocrx_word' id='word_1_100' title='bbox 391 1582 489 1637; x_wconf 89' lang='lat' dir='ltr'><strong>autem</strong></span> <span class='ocrx_word' id='word_1_101' title='bbox 515 1575 589 1636; x_wconf 88' lang='lat' dir='ltr'><strong>libro</strong></span> <span class='ocrx_word' id='word_1_102' title='bbox 617 1577 653 1636; x_wconf 87' lang='lat' dir='ltr'><strong>de</strong></span> <span class='ocrx_word' id='word_1_103' title='bbox 674 1575 853 1636; x_wconf 89' lang='lat' dir='ltr'><strong>Pantaleone</strong></span> <span class='ocrx_word' id='word_1_104' title='bbox 876 1570 923 1654; x_wconf 67' lang='grc' dir='ltr'><strong>αφ’</strong></span> <span class='ocrx_word' id='word_1_105' title='bbox 945 1571 1061 1656; x_wconf 78' lang='grc' dir='ltr'><em>πλάνῳ</em></span> <span class='ocrx_word' id='word_1_106' title='bbox 1082 1576 1179 1638; x_wconf 87' lang='lat' dir='ltr'><strong>fabula</strong></span> <span class='ocrx_word' id='word_1_107' title='bbox 1193 1596 1223 1655; x_wconf 90' lang='lat' dir='ltr'><strong>p.</strong></span> <span class='ocrx_word' id='word_1_108' title='bbox 1241 1577 1350 1653; x_wconf 76' lang='lat' dir='ltr'><strong>utun,</strong></span> 
     </span>
     <span class='ocr_line' id='line_1_14' title="bbox 203 1673 1351 1755; baseline 0.002 -20"><span class='ocrx_word' id='word_1_109' title='bbox 203 1673 370 1744; x_wconf 88' lang='lat' dir='ltr'><strong>incudem,</strong></span> <span class='ocrx_word' id='word_1_110' title='bbox 392 1674 472 1754; x_wconf 92' lang='lat' dir='ltr'><strong>quod</strong></span> <span class='ocrx_word' id='word_1_111' title='bbox 490 1673 521 1735; x_wconf 94' lang='lat' dir='ltr'><strong>in</strong></span> <span class='ocrx_word' id='word_1_112' title='bbox 541 1673 669 1753; x_wconf 92' lang='lat' dir='ltr'><strong>septimo</strong></span> <span class='ocrx_word' id='word_1_113' title='bbox 690 1673 765 1734; x_wconf 92' lang='lat' dir='ltr'><strong>libro</strong></span> <span class='ocrx_word' id='word_1_114' title='bbox 786 1673 986 1753; x_wconf 81' lang='lat' dir='ltr'><strong>repetebatur,</strong></span> <span class='ocrx_word' id='word_1_115' title='bbox 1007 1675 1188 1736; x_wconf 83' lang='lat' dir='ltr'><strong>hrchestrati</strong></span> <span class='ocrx_word' id='word_1_116' title='bbox 1211 1675 1351 1755; x_wconf 84' lang='lat' dir='ltr'><strong>Epicurei</strong></span> 
     </span>
     <span class='ocr_line' id='line_1_15' title="bbox 203 1772 1350 1853; baseline 0.003 -20"><span class='ocrx_word' id='word_1_117' title='bbox 203 1772 443 1853; x_wconf 88' lang='lat' dir='ltr'><strong>Philaenidisque</strong></span> <span class='ocrx_word' id='word_1_118' title='bbox 478 1773 586 1852; x_wconf 88' lang='lat' dir='ltr'><strong>scripta</strong></span> <span class='ocrx_word' id='word_1_119' title='bbox 625 1794 640 1835; x_wconf 89' lang='lat' dir='ltr'><strong>a</strong></span> <span class='ocrx_word' id='word_1_120' title='bbox 676 1773 786 1851; x_wconf 82' lang='lat' dir='ltr'><strong>gulosis</strong></span> <span class='ocrx_word' id='word_1_121' title='bbox 824 1772 994 1834; x_wconf 92' lang='lat' dir='ltr'><strong>bominibus</strong></span> <span class='ocrx_word' id='word_1_122' title='bbox 1032 1792 1107 1853; x_wconf 89' lang='lat' dir='ltr'><strong>quac</strong></span> <span class='ocrx_word' id='word_1_123' title='bbox 1144 1774 1350 1836; x_wconf 83' lang='lat' dir='ltr'><strong>ediscerentur</strong></span> 
     </span>
     <span class='ocr_line' id='line_1_16' title="bbox 203 1871 1352 1952; baseline 0.003 -20"><span class='ocrx_word' id='word_1_124' title='bbox 203 1891 233 1951; x_wconf 89' lang='lat' dir='ltr'><strong>p.</strong></span> <span class='ocrx_word' id='word_1_125' title='bbox 249 1871 310 1932; x_wconf 84' lang='lat'><strong>335</strong></span> <span class='ocrx_word' id='word_1_126' title='bbox 326 1871 349 1932; x_wconf 86' lang='lat' dir='ltr'><strong>n</strong></span> <span class='ocrx_word' id='word_1_127' title='bbox 365 1879 395 1933; x_wconf 88' lang='lat' dir='ltr'><strong>ct</strong></span> <span class='ocrx_word' id='word_1_128' title='bbox 407 1871 440 1944; x_wconf 83' lang='lat' dir='ltr'><strong>E,</strong></span> <span class='ocrx_word' id='word_1_129' title='bbox 472 1872 600 1952; x_wconf 86' lang='lat' dir='ltr'><strong>denique</strong></span> <span class='ocrx_word' id='word_1_130' title='bbox 628 1872 660 1933; x_wconf 92' lang='lat' dir='ltr'><strong>in</strong></span> <span class='ocrx_word' id='word_1_131' title='bbox 690 1872 794 1933; x_wconf 91' lang='lat' dir='ltr'><strong>eodem</strong></span> <span class='ocrx_word' id='word_1_132' title='bbox 822 1871 926 1951; x_wconf 89' lang='lat' dir='ltr'><strong>quinto</strong></span> <span class='ocrx_word' id='word_1_133' title='bbox 958 1878 988 1932; x_wconf 89' lang='lat' dir='ltr'><strong>et</strong></span> <span class='ocrx_word' id='word_1_134' title='bbox 1018 1871 1171 1951; x_wconf 82' lang='lat' dir='ltr'><strong>pinoteres</strong></span> <span class='ocrx_word' id='word_1_135' title='bbox 1198 1873 1294 1934; x_wconf 84' lang='lat' dir='ltr'><strong>adluit</strong></span> <span class='ocrx_word' id='word_1_136' title='bbox 1320 1881 1352 1935; x_wconf 90' lang='lat' dir='ltr'><strong>et</strong></span> 
     </span>
    </p>
   </div>
   <div class='ocr_carea' id='block_1_3' title="bbox 104 1969 1349 2049">
    <p class='ocr_par' dir='ltr' id='par_1_4' title="bbox 104 1969 1349 2049">
     <span class='ocr_line' id='line_1_17' title="bbox 104 1969 1349 2049; baseline 0.004 -20"><span class='ocrx_word' id='word_1_137' title='bbox 104 1982 106 1986; x_wconf 80' lang='grc'>’</span> <span class='ocrx_word' id='word_1_138' title='bbox 203 1970 384 2049; x_wconf 78' lang='lat' dir='ltr'><strong>comparatio</strong></span> <span class='ocrx_word' id='word_1_139' title='bbox 415 1969 447 2030; x_wconf 93' lang='lat' dir='ltr'><strong>ni</strong></span> <span class='ocrx_word' id='word_1_140' title='bbox 476 1970 561 2031; x_wconf 87' lang='lat' dir='ltr'><strong>fallor</strong></span> <span class='ocrx_word' id='word_1_141' title='bbox 597 1971 691 2049; x_wconf 88' lang='lat' dir='ltr'><strong>aliqua</strong></span> <span class='ocrx_word' id='word_1_142' title='bbox 728 1971 860 2031; x_wconf 90' lang='lat' dir='ltr'><strong>colorum</strong></span> <span class='ocrx_word' id='word_1_143' title='bbox 890 1969 967 2047; x_wconf 82' lang='lat' dir='ltr'><strong>nigri</strong></span> <span class='ocrx_word' id='word_1_144' title='bbox 1002 1969 1125 2049; x_wconf 81' lang='lat' dir='ltr'><strong>ingrati,</strong></span> <span class='ocrx_word' id='word_1_145' title='bbox 1161 1971 1237 2049; x_wconf 83' lang='lat' dir='ltr'><strong>grati</strong></span> <span class='ocrx_word' id='word_1_146' title='bbox 1273 1971 1349 2036; x_wconf 70' lang='lat' dir='ltr'><strong>albic</strong></span> 
     </span>
    </p>
   </div>
   <div class='ocr_carea' id='block_1_4' title="bbox 202 2060 1353 3112">
    <p class='ocr_par' dir='ltr' id='par_1_5' title="bbox 202 2060 1353 3112">
     <span class='ocr_line' id='line_1_18' title="bbox 203 2060 1351 2151; baseline 0.003 -23"><span class='ocrx_word' id='word_1_147' title='bbox 203 2060 362 2150; x_wconf 71' lang='grc' dir='ltr'><em>καθάπερ</em></span> <span class='ocrx_word' id='word_1_148' title='bbox 401 2066 488 2142; x_wconf 81' lang='grc' dir='ltr'><em>τινὲς</em></span> <span class='ocrx_word' id='word_1_149' title='bbox 522 2066 581 2142; x_wconf 80' lang='grc' dir='ltr'><strong>τὰς</strong></span> <span class='ocrx_word' id='word_1_150' title='bbox 610 2066 726 2141; x_wconf 79' lang='grc' dir='ltr'><em>λευκὰς</em></span> <span class='ocrx_word' id='word_1_151' title='bbox 756 2064 899 2149; x_wconf 71' lang='grc' dir='ltr'><em>ὄρνιθας</em></span> <span class='ocrx_word' id='word_1_152' title='bbox 928 2068 992 2128; x_wconf 79' lang='grc' dir='ltr'><strong>τῶν</strong></span> <span class='ocrx_word' id='word_1_153' title='bbox 1029 2066 1198 2148; x_wconf 70' lang='grc' dir='ltr'><em>μελαινῶν</em></span> <span class='ocrx_word' id='word_1_154' title='bbox 1234 2064 1351 2151; x_wconf 80' lang='grc' dir='ltr'><em>ἡδίους</em></span> 
     </span>
     <span class='ocr_line' id='line_1_19' title="bbox 203 2163 1352 2247; baseline 0.003 -19"><span class='ocrx_word' id='word_1_155' title='bbox 203 2168 291 2228; x_wconf 75' lang='grc' dir='ltr'><em>εἶναι</em></span> <span class='ocrx_word' id='word_1_156' title='bbox 318 2163 454 2247; x_wconf 81' lang='grc' dir='ltr'><em>μᾶλλον.</em></span> <span class='ocrx_word' id='word_1_157' title='bbox 498 2167 563 2227; x_wconf 90' lang='lat' dir='ltr'><strong>Huc</strong></span> <span class='ocrx_word' id='word_1_158' title='bbox 587 2166 651 2228; x_wconf 81' lang='lat' dir='ltr'><strong>fero</strong></span> <span class='ocrx_word' id='word_1_159' title='bbox 671 2166 759 2227; x_wconf 85' lang='lat' dir='ltr'><strong>etiam</strong></span> <span class='ocrx_word' id='word_1_160' title='bbox 784 2167 820 2227; x_wconf 87' lang='lat' dir='ltr'><strong>de</strong></span> <span class='ocrx_word' id='word_1_161' title='bbox 836 2166 1034 2246; x_wconf 84' lang='lat' dir='ltr'><strong>Sardanapalo</strong></span> <span class='ocrx_word' id='word_1_162' title='bbox 1056 2167 1156 2228; x_wconf 90' lang='lat' dir='ltr'><strong>locum</strong></span> <span class='ocrx_word' id='word_1_163' title='bbox 1171 2167 1352 2246; x_wconf 82' lang='lat' dir='ltr'><strong>pertinuisse</strong></span> 
     </span>
     <span class='ocr_line' id='line_1_20' title="bbox 203 2263 1351 2346; baseline 0.002 -20"><span class='ocrx_word' id='word_1_164' title='bbox 203 2264 343 2326; x_wconf 84' lang='lat' dir='ltr'><strong>credibile</strong></span> <span class='ocrx_word' id='word_1_165' title='bbox 359 2272 404 2325; x_wconf 90' lang='lat' dir='ltr'><strong>est</strong></span> <span class='ocrx_word' id='word_1_166' title='bbox 420 2263 538 2341; x_wconf 74' lang='lat' dir='ltr'><strong>(Athen.</strong></span> <span class='ocrx_word' id='word_1_167' title='bbox 556 2283 584 2344; x_wconf 95' lang='lat' dir='ltr'><strong>p.</strong></span> <span class='ocrx_word' id='word_1_168' title='bbox 602 2263 697 2324; x_wconf 81' lang='lat' dir='ltr'><strong>337n</strong></span> <span class='ocrx_word' id='word_1_169' title='bbox 714 2266 750 2325; x_wconf 89' lang='lat' dir='ltr'><strong>cl.</strong></span> <span class='ocrx_word' id='word_1_170' title='bbox 767 2263 878 2342; x_wconf 84' lang='lat' dir='ltr'><strong>Baguet</strong></span> <span class='ocrx_word' id='word_1_171' title='bbox 893 2268 910 2338; x_wconf 64' lang='grc' dir='ltr'><strong>ξ</strong></span> <span class='ocrx_word' id='word_1_172' title='bbox 926 2264 1023 2338; x_wconf 80' lang='lat' dir='ltr'><strong>evit).</strong></span> <span class='ocrx_word' id='word_1_173' title='bbox 1059 2264 1157 2326; x_wconf 84' lang='lat' dir='ltr'><strong>Etiam</strong></span> <span class='ocrx_word' id='word_1_174' title='bbox 1181 2267 1351 2346; x_wconf 73' lang='lat' dir='ltr'><strong>coquinarie</strong></span> 
     </span>
     <span class='ocr_line' id='line_1_21' title="bbox 203 2352 1352 2442; baseline 0.001 -18"><span class='ocrx_word' id='word_1_175' title='bbox 203 2382 251 2424; x_wconf 90' lang='lat' dir='ltr'><strong>res</strong></span> <span class='ocrx_word' id='word_1_176' title='bbox 278 2362 431 2442; x_wconf 82' lang='lat' dir='ltr'><strong>Chrysippi</strong></span> <span class='ocrx_word' id='word_1_177' title='bbox 458 2362 581 2424; x_wconf 88' lang='lat' dir='ltr'><strong>nomine</strong></span> <span class='ocrx_word' id='word_1_178' title='bbox 603 2363 712 2441; x_wconf 90' lang='lat' dir='ltr'><strong>scripta</strong></span> <span class='ocrx_word' id='word_1_179' title='bbox 727 2363 848 2431; x_wconf 81' lang='lat' dir='ltr'><strong>(Athen.</strong></span> <span class='ocrx_word' id='word_1_180' title='bbox 865 2381 894 2440; x_wconf 91' lang='lat' dir='ltr'><strong>p.</strong></span> <span class='ocrx_word' id='word_1_181' title='bbox 911 2361 929 2420; x_wconf 81' lang='lat'><strong>9</strong></span> <span class='ocrx_word' id='word_1_182' title='bbox 944 2361 979 2440; x_wconf 77' lang='lat' dir='ltr'><strong>C)</strong></span> <span class='ocrx_word' id='word_1_183' title='bbox 1007 2360 1138 2423; x_wconf 82' lang='lat' dir='ltr'><strong>exstabat</strong></span> <span class='ocrx_word' id='word_1_184' title='bbox 1164 2352 1267 2438; x_wconf 75' lang='lat' dir='ltr'><strong>(Suida</strong></span> <span class='ocrx_word' id='word_1_185' title='bbox 1283 2383 1309 2424; x_wconf 90' lang='lat' dir='ltr'><strong>s.</strong></span> <span class='ocrx_word' id='word_1_186' title='bbox 1324 2384 1352 2426; x_wconf 89' lang='lat' dir='ltr'><strong>v.</strong></span> 
     </span>
     <span class='ocr_line' id='line_1_22' title="bbox 202 2453 1353 2542; baseline 0.003 -20"><span class='ocrx_word' id='word_1_187' title='bbox 202 2453 535 2540; x_wconf 84' lang='grc' dir='ltr'><em>λαοταοροκάκκαβον</em></span> <span class='ocrx_word' id='word_1_188' title='bbox 549 2461 643 2539; x_wconf 68' lang='lat' dir='ltr'><strong>teste)</strong></span> <span class='ocrx_word' id='word_1_189' title='bbox 659 2458 695 2521; x_wconf 77' lang='grc' dir='ltr'><strong>δν</strong></span> <span class='ocrx_word' id='word_1_190' title='bbox 709 2460 755 2542; x_wconf 76' lang='grc' dir='ltr'><strong>τῷ</strong></span> <span class='ocrx_word' id='word_1_191' title='bbox 770 2457 849 2540; x_wconf 82' lang='grc' dir='ltr'><em>περὶ</em></span> <span class='ocrx_word' id='word_1_192' title='bbox 864 2458 967 2521; x_wconf 74' lang='grc' dir='ltr'><em>καλοῦ</em></span> <span class='ocrx_word' id='word_1_193' title='bbox 983 2457 1039 2520; x_wconf 77' lang='grc' dir='ltr'><strong>καὶ</strong></span> <span class='ocrx_word' id='word_1_194' title='bbox 1053 2454 1186 2542; x_wconf 80' lang='grc' dir='ltr'><em>ἡδονῆς,</em></span> <span class='ocrx_word' id='word_1_195' title='bbox 1208 2461 1260 2522; x_wconf 92' lang='lat' dir='ltr'><strong>ubi</strong></span> <span class='ocrx_word' id='word_1_196' title='bbox 1280 2472 1353 2536; x_wconf 84' lang='lat' dir='ltr'><strong>nota</strong></span> 
     </span>
     <span class='ocr_line' id='line_1_23' title="bbox 202 2553 1353 2640; baseline 0.002 -21"><span class='ocrx_word' id='word_1_197' title='bbox 202 2557 269 2619; x_wconf 87' lang='lat' dir='ltr'><strong>libri</strong></span> <span class='ocrx_word' id='word_1_198' title='bbox 284 2558 324 2619; x_wconf 88' lang='lat' dir='ltr'><strong>ita</strong></span> <span class='ocrx_word' id='word_1_199' title='bbox 340 2558 436 2638; x_wconf 88' lang='lat' dir='ltr'><strong>elapsa</strong></span> <span class='ocrx_word' id='word_1_200' title='bbox 452 2567 486 2619; x_wconf 89' lang='lat' dir='ltr'><strong>ut</strong></span> <span class='ocrx_word' id='word_1_201' title='bbox 502 2557 589 2618; x_wconf 89' lang='lat' dir='ltr'><strong>etiam</strong></span> <span class='ocrx_word' id='word_1_202' title='bbox 605 2557 713 2619; x_wconf 78' lang='lat' dir='ltr'><strong>Athen.</strong></span> <span class='ocrx_word' id='word_1_203' title='bbox 729 2578 758 2638; x_wconf 92' lang='lat' dir='ltr'><strong>p.</strong></span> <span class='ocrx_word' id='word_1_204' title='bbox 777 2556 871 2618; x_wconf 82' lang='lat'>15813</span> <span class='ocrx_word' id='word_1_205' title='bbox 892 2555 927 2620; x_wconf 76' lang='grc' dir='ltr'><strong>ἓν</strong></span> <span class='ocrx_word' id='word_1_206' title='bbox 947 2557 994 2640; x_wconf 77' lang='grc' dir='ltr'><strong>τῷ</strong></span> <span class='ocrx_word' id='word_1_207' title='bbox 1014 2553 1092 2640; x_wconf 80' lang='grc' dir='ltr'><em>περὶ</em></span> <span class='ocrx_word' id='word_1_208' title='bbox 1112 2557 1171 2620; x_wconf 80' lang='grc' dir='ltr'><strong>τοῦ</strong></span> <span class='ocrx_word' id='word_1_209' title='bbox 1191 2556 1353 2622; x_wconf 60' lang='grc' dir='ltr'><em>καλοῦ»-</em></span> 
     </span>
     <span class='ocr_line' id='line_1_24' title="bbox 203 2656 1352 2740; baseline 0.003 -22"><span class='ocrx_word' id='word_1_210' title='bbox 203 2675 273 2718; x_wconf 91' lang='lat' dir='ltr'><strong>nam</strong></span> <span class='ocrx_word' id='word_1_211' title='bbox 300 2657 357 2718; x_wconf 93' lang='lat' dir='ltr'><strong>hoc</strong></span> <span class='ocrx_word' id='word_1_212' title='bbox 382 2656 549 2737; x_wconf 88' lang='lat' dir='ltr'><strong>philosophi</strong></span> <span class='ocrx_word' id='word_1_213' title='bbox 575 2657 720 2736; x_wconf 90' lang='lat' dir='ltr'><strong>scriptum</strong></span> <span class='ocrx_word' id='word_1_214' title='bbox 748 2657 826 2718; x_wconf 89' lang='lat' dir='ltr'><strong>idem</strong></span> <span class='ocrx_word' id='word_1_215' title='bbox 849 2675 914 2718; x_wconf 89' lang='lat' dir='ltr'><strong>esse</strong></span> <span class='ocrx_word' id='word_1_216' title='bbox 939 2665 1059 2732; x_wconf 79' lang='lat' dir='ltr'><strong>teneas3</strong></span> <span class='ocrx_word' id='word_1_217' title='bbox 1082 2666 1170 2738; x_wconf 89' lang='lat' dir='ltr'><strong>atque</strong></span> <span class='ocrx_word' id='word_1_218' title='bbox 1193 2658 1241 2719; x_wconf 95' lang='lat' dir='ltr'><strong>bic</strong></span> <span class='ocrx_word' id='word_1_219' title='bbox 1256 2659 1352 2740; x_wconf 78' lang='lat' dir='ltr'><strong>dhry-</strong></span> 
     </span>
     <span class='ocr_line' id='line_1_25' title="bbox 203 2751 1352 2838; baseline 0.003 -22"><span class='ocrx_word' id='word_1_220' title='bbox 203 2755 323 2835; x_wconf 89' lang='lat' dir='ltr'><strong>sippum</strong></span> <span class='ocrx_word' id='word_1_221' title='bbox 349 2756 439 2817; x_wconf 90' lang='lat' dir='ltr'><strong>etiam</strong></span> <span class='ocrx_word' id='word_1_222' title='bbox 462 2751 592 2836; x_wconf 76' lang='grc' dir='ltr'><em>γνώμας</em></span> <span class='ocrx_word' id='word_1_223' title='bbox 617 2756 654 2817; x_wconf 90' lang='lat' dir='ltr'><strong>de</strong></span> <span class='ocrx_word' id='word_1_224' title='bbox 676 2757 756 2817; x_wconf 90' lang='lat' dir='ltr'><strong>lente</strong></span> <span class='ocrx_word' id='word_1_225' title='bbox 783 2756 894 2835; x_wconf 87' lang='lat' dir='ltr'><strong>aliquas</strong></span> <span class='ocrx_word' id='word_1_226' title='bbox 918 2756 1052 2816; x_wconf 87' lang='lat' dir='ltr'><strong>attulisse</strong></span> <span class='ocrx_word' id='word_1_227' title='bbox 1075 2757 1276 2818; x_wconf 79' lang='lat' dir='ltr'><strong>docemur—-</strong></span> <span class='ocrx_word' id='word_1_228' title='bbox 1291 2777 1352 2838; x_wconf 86' lang='lat' dir='ltr'><strong>quo</strong></span> 
     </span>
     <span class='ocr_line' id='line_1_26' title="bbox 203 2853 1353 2934; baseline 0.004 -21"><span class='ocrx_word' id='word_1_229' title='bbox 203 2854 331 2915; x_wconf 88' lang='lat' dir='ltr'><strong>deloco</strong></span> <span class='ocrx_word' id='word_1_230' title='bbox 357 2855 456 2915; x_wconf 89' lang='lat' dir='ltr'><strong>nescio</strong></span> <span class='ocrx_word' id='word_1_231' title='bbox 483 2870 556 2914; x_wconf 92' lang='lat' dir='ltr'><strong>num</strong></span> <span class='ocrx_word' id='word_1_232' title='bbox 584 2854 630 2915; x_wconf 92' lang='lat' dir='ltr'><strong>cui</strong></span> <span class='ocrx_word' id='word_1_233' title='bbox 655 2853 819 2914; x_wconf 88' lang='lat' dir='ltr'><strong>Meinekius</strong></span> <span class='ocrx_word' id='word_1_234' title='bbox 848 2853 1021 2915; x_wconf 92' lang='lat' dir='ltr'><strong>iudiciolum</strong></span> <span class='ocrx_word' id='word_1_235' title='bbox 1051 2872 1139 2916; x_wconf 92' lang='lat' dir='ltr'><strong>suum</strong></span> <span class='ocrx_word' id='word_1_236' title='bbox 1169 2857 1353 2934; x_wconf 83' lang='lat' dir='ltr'><strong>persuaserit</strong></span> 
     </span>
     <span class='ocr_line' id='line_1_27' title="bbox 204 2951 1352 3033; baseline 0.003 -21"><span class='ocrx_word' id='word_1_237' title='bbox 204 2952 298 3029; x_wconf 76' lang='lat' dir='ltr'><strong>(hpal.</strong></span> <span class='ocrx_word' id='word_1_238' title='bbox 323 2953 387 3014; x_wconf 89' lang='lat' dir='ltr'><strong>crit.</strong></span> <span class='ocrx_word' id='word_1_239' title='bbox 408 2953 443 3013; x_wconf 91' lang='lat' dir='ltr'><strong>ad</strong></span> <span class='ocrx_word' id='word_1_240' title='bbox 464 2951 532 3012; x_wconf 78' lang='lat' dir='ltr'><strong>mh.</strong></span> <span class='ocrx_word' id='word_1_241' title='bbox 548 2970 577 3030; x_wconf 84' lang='lat' dir='ltr'><strong>p.</strong></span> <span class='ocrx_word' id='word_1_242' title='bbox 594 2951 662 3029; x_wconf 82' lang='lat'>75);</span> <span class='ocrx_word' id='word_1_243' title='bbox 699 2958 732 3013; x_wconf 87' lang='lat' dir='ltr'><strong>ut</strong></span> <span class='ocrx_word' id='word_1_244' title='bbox 758 2952 837 3012; x_wconf 90' lang='lat' dir='ltr'><strong>enim</strong></span> <span class='ocrx_word' id='word_1_245' title='bbox 865 2951 1044 3013; x_wconf 87' lang='lat' dir='ltr'><strong>concedatur</strong></span> <span class='ocrx_word' id='word_1_246' title='bbox 1070 2951 1126 3014; x_wconf 91' lang='lat' dir='ltr'><strong>dici</strong></span> <span class='ocrx_word' id='word_1_247' title='bbox 1152 2953 1290 3033; x_wconf 91' lang='lat' dir='ltr'><strong>potuisse</strong></span> <span class='ocrx_word' id='word_1_248' title='bbox 1317 2974 1352 3015; x_wconf 90' lang='lat' dir='ltr'><strong>eo</strong></span> 
     </span>
     <span class='ocr_line' id='line_1_28' title="bbox 203 3050 1325 3112; baseline 0.001 -2"><span class='ocrx_word' id='word_1_249' title='bbox 203 3068 292 3112; x_wconf 92' lang='lat' dir='ltr'><strong>sensu</strong></span> <span class='ocrx_word' id='word_1_250' title='bbox 308 3059 342 3111; x_wconf 95' lang='lat' dir='ltr'><strong>ut</strong></span> <span class='ocrx_word' id='word_1_251' title='bbox 356 3050 462 3111; x_wconf 89' lang='lat' dir='ltr'><strong>voluit:</strong></span> <span class='ocrx_word' id='word_1_252' title='bbox 1322 3076 1325 3083; x_wconf 64' lang='lat'><strong><em>¹</em></strong></span> 
     </span>
    </p>
   </div>
   <div class='ocr_carea' id='block_1_5' title="bbox 202 3155 1085 3342">
    <p class='ocr_par' dir='ltr' id='par_1_6' title="bbox 202 3155 1085 3342">
     <span class='ocr_line' id='line_1_29' title="bbox 304 3155 1085 3244; baseline -0.005 -19"><span class='ocrx_word' id='word_1_253' title='bbox 304 3157 349 3242; x_wconf 75' lang='grc' dir='ltr'><strong>μή</strong></span> <span class='ocrx_word' id='word_1_254' title='bbox 371 3164 430 3242; x_wconf 74' lang='grc' dir='ltr'><strong>μοί</strong></span> <span class='ocrx_word' id='word_1_255' title='bbox 452 3155 529 3223; x_wconf 76' lang='grc' dir='ltr'><em>ποκ’</em></span> <span class='ocrx_word' id='word_1_256' title='bbox 553 3158 670 3224; x_wconf 72' lang='grc' dir='ltr'><em>ἐλαίαν</em></span> <span class='ocrx_word' id='word_1_257' title='bbox 692 3156 781 3224; x_wconf 69' lang='grc' dir='ltr'><em>ἔσθι’</em></span> <span class='ocrx_word' id='word_1_258' title='bbox 805 3157 978 3244; x_wconf 81' lang='grc' dir='ltr'><em>ἀκαλήφην</em></span> <span class='ocrx_word' id='word_1_259' title='bbox 993 3159 1085 3238; x_wconf 82' lang='grc' dir='ltr'><em>ἔχων.</em></span> 
     </span>
     <span class='ocr_line' id='line_1_30' title="bbox 202 3253 1057 3342; baseline -0.011 -19"><span class='ocrx_word' id='word_1_260' title='bbox 202 3278 206 3295; x_wconf 82' lang='lat'><strong><em>¹</em></strong></span> <span class='ocrx_word' id='word_1_261' title='bbox 303 3260 463 3340; x_wconf 77' lang='grc' dir='ltr'><em>χειμῶνος</em></span> <span class='ocrx_word' id='word_1_262' title='bbox 486 3253 555 3342; x_wconf 74' lang='grc' dir='ltr'><strong>ὥρᾳ</strong></span> <span class='ocrx_word' id='word_1_263' title='bbox 576 3257 770 3342; x_wconf 78' lang='grc' dir='ltr'><em>βολβοφακῆ</em></span> <span class='ocrx_word' id='word_1_264' title='bbox 792 3258 897 3341; x_wconf 83' lang='grc' dir='ltr'><em>βαβαὶ</em></span> <span class='ocrx_word' id='word_1_265' title='bbox 919 3261 1057 3340; x_wconf 57' lang='grc' dir='ltr'><em>βαβαίμ</em></span> 
     </span>
    </p>
   </div>
   <div class='ocr_carea' id='block_1_6' title="bbox 202 3389 1355 3679">
    <p class='ocr_par' dir='ltr' id='par_1_7' title="bbox 202 3389 1355 3679">
     <span class='ocr_line' id='line_1_31' title="bbox 204 3389 1355 3473; baseline 0.002 -23"><span class='ocrx_word' id='word_1_266' title='bbox 204 3397 306 3451; x_wconf 92' lang='lat' dir='ltr'><strong>tamen</strong></span> <span class='ocrx_word' id='word_1_267' title='bbox 333 3389 456 3450; x_wconf 92' lang='lat' dir='ltr'><strong>omnino</strong></span> <span class='ocrx_word' id='word_1_268' title='bbox 479 3393 540 3450; x_wconf 87' lang='lat' dir='ltr'><strong>non</strong></span> <span class='ocrx_word' id='word_1_269' title='bbox 567 3389 746 3470; x_wconf 86' lang='lat' dir='ltr'><strong>perspicitur</strong></span> <span class='ocrx_word' id='word_1_270' title='bbox 769 3407 822 3450; x_wconf 93' lang='lat' dir='ltr'><strong>cur</strong></span> <span class='ocrx_word' id='word_1_271' title='bbox 840 3389 970 3469; x_wconf 85' lang='lat' dir='ltr'><strong>primurn</strong></span> <span class='ocrx_word' id='word_1_272' title='bbox 993 3407 1112 3451; x_wconf 87' lang='lat' dir='ltr'><strong>versum</strong></span> <span class='ocrx_word' id='word_1_273' title='bbox 1134 3410 1195 3452; x_wconf 94' lang='lat' dir='ltr'><strong>non</strong></span> <span class='ocrx_word' id='word_1_274' title='bbox 1217 3391 1355 3473; x_wconf 84' lang='lat' dir='ltr'><strong>omiserit</strong></span> 
     </span>
     <span class='ocr_line' id='line_1_32' title="bbox 205 3474 1353 3570; baseline 0.002 -21"><span class='ocrx_word' id='word_1_275' title='bbox 205 3487 397 3568; x_wconf 81' lang='lat' dir='ltr'><strong>Chrysippus,</strong></span> <span class='ocrx_word' id='word_1_276' title='bbox 424 3507 522 3568; x_wconf 90' lang='lat' dir='ltr'><strong>neque</strong></span> <span class='ocrx_word' id='word_1_277' title='bbox 548 3479 619 3568; x_wconf 90' lang='lat' dir='ltr'><strong>quid</strong></span> <span class='ocrx_word' id='word_1_278' title='bbox 639 3488 759 3550; x_wconf 87' lang='lat' dir='ltr'><strong>&#39;tandem</strong></span> <span class='ocrx_word' id='word_1_279' title='bbox 784 3488 840 3549; x_wconf 85' lang='lat' dir='ltr'><strong>iste</strong></span> <span class='ocrx_word' id='word_1_280' title='bbox 861 3486 967 3548; x_wconf 89' lang='lat' dir='ltr'><strong>babeat</strong></span> <span class='ocrx_word' id='word_1_281' title='bbox 991 3507 1128 3550; x_wconf 92' lang='lat' dir='ltr'><strong>curcum</strong></span> <span class='ocrx_word' id='word_1_282' title='bbox 1148 3474 1241 3551; x_wconf 88' lang='lat' dir='ltr'><strong>altero</strong></span> <span class='ocrx_word' id='word_1_283' title='bbox 1258 3479 1353 3570; x_wconf 84' lang='lat' dir='ltr'><strong>copu-</strong></span> 
     </span>
     <span class='ocr_line' id='line_1_33' title="bbox 202 3584 1183 3679; baseline -0.001 -31"><span class='ocrx_word' id='word_1_284' title='bbox 202 3588 289 3648; x_wconf 86' lang='lat' dir='ltr'><strong>letur.</strong></span> <span class='ocrx_word' id='word_1_285' title='bbox 328 3585 389 3664; x_wconf 84' lang='lat' dir='ltr'><strong>Ego</strong></span> <span class='ocrx_word' id='word_1_286' title='bbox 412 3587 451 3648; x_wconf 89' lang='lat' dir='ltr'><strong>ita</strong></span> <span class='ocrx_word' id='word_1_287' title='bbox 476 3584 702 3666; x_wconf 88' lang='lat' dir='ltr'><strong>obsequendum</strong></span> <span class='ocrx_word' id='word_1_288' title='bbox 726 3587 907 3648; x_wconf 88' lang='lat' dir='ltr'><strong>membranis</strong></span> <span class='ocrx_word' id='word_1_289' title='bbox 931 3606 996 3648; x_wconf 88' lang='lat' dir='ltr'><strong>esse</strong></span> <span class='ocrx_word' id='word_1_290' title='bbox 1018 3595 1106 3666; x_wconf 91' lang='lat' dir='ltr'><strong>puto:</strong></span> <span class='ocrx_word' id='word_1_291' title='bbox 1178 3668 1183 3679; x_wconf 32' lang='grc'>1</span> 
     </span>
    </p>
   </div>
   <div class='ocr_carea' id='block_1_7' title="bbox 199 3703 1355 4312">
    <p class='ocr_par' dir='ltr' id='par_1_8' title="bbox 209 3703 1039 3795">
     <span class='ocr_line' id='line_1_34' title="bbox 209 3703 1039 3795; baseline -0.001 -23"><span class='ocrx_word' id='word_1_292' title='bbox 209 3786 212 3793; x_wconf 88' lang='lat'><strong>.</strong></span> <span class='ocrx_word' id='word_1_293' title='bbox 304 3703 467 3795; x_wconf 73' lang='grc' dir='ltr'><em>μηδέποτ’</em></span> <span class='ocrx_word' id='word_1_294' title='bbox 491 3708 607 3783; x_wconf 77' lang='grc' dir='ltr'><em>ἐλαίαν</em></span> <span class='ocrx_word' id='word_1_295' title='bbox 630 3706 734 3788; x_wconf 71' lang='grc' dir='ltr'><strong><em>ἔσθι’,</em></strong></span> <span class='ocrx_word' id='word_1_296' title='bbox 758 3703 933 3794; x_wconf 82' lang='grc' dir='ltr'><em>οἶκαλὴφὴν</em></span> <span class='ocrx_word' id='word_1_297' title='bbox 956 3707 1039 3788; x_wconf 72' lang='grc' dir='ltr'><em>ἔχων</em></span> 
     </span>
    </p>

    <p class='ocr_par' dir='ltr' id='par_1_9' title="bbox 199 3803 1355 4312">
     <span class='ocr_line' id='line_1_35' title="bbox 304 3803 1181 3893; baseline 0 -23"><span class='ocrx_word' id='word_1_298' title='bbox 304 3808 464 3890; x_wconf 78' lang='grc' dir='ltr'><em>χειμῶνος</em></span> <span class='ocrx_word' id='word_1_299' title='bbox 488 3803 556 3892; x_wconf 77' lang='grc' dir='ltr'><strong>ὥρᾳ</strong></span> <span class='ocrx_word' id='word_1_300' title='bbox 577 3807 802 3893; x_wconf 74' lang='grc' dir='ltr'><em>βολβοφακῆν,</em></span> <span class='ocrx_word' id='word_1_301' title='bbox 847 3806 953 3889; x_wconf 80' lang='grc' dir='ltr'><em>βαβαὶ</em></span> <span class='ocrx_word' id='word_1_302' title='bbox 976 3810 1094 3888; x_wconf 79' lang='grc' dir='ltr'><em>βαβαί,</em></span> <span class='ocrx_word' id='word_1_303' title='bbox 1179 3884 1181 3889; x_wconf 23' lang='grc' dir='ltr'>Ι</span> 
     </span>
     <span class='ocr_line' id='line_1_36' title="bbox 204 3933 1353 4016; baseline 0.001 -18"><span class='ocrx_word' id='word_1_304' title='bbox 204 3945 239 3999; x_wconf 92' lang='lat' dir='ltr'><strong>ut</strong></span> <span class='ocrx_word' id='word_1_305' title='bbox 265 3936 414 3999; x_wconf 88' lang='lat' dir='ltr'><strong>sermonis</strong></span> <span class='ocrx_word' id='word_1_306' title='bbox 440 3935 589 4016; x_wconf 90' lang='lat' dir='ltr'><strong>popularis</strong></span> <span class='ocrx_word' id='word_1_307' title='bbox 616 3935 660 3996; x_wconf 88' lang='lat' dir='ltr'><strong>vel</strong></span> <span class='ocrx_word' id='word_1_308' title='bbox 689 3933 793 3996; x_wconf 87' lang='lat' dir='ltr'><strong>comici</strong></span> <span class='ocrx_word' id='word_1_309' title='bbox 819 3933 939 3996; x_wconf 92' lang='lat' dir='ltr'><strong>audacia</strong></span> <span class='ocrx_word' id='word_1_310' title='bbox 966 3951 1027 3994; x_wconf 92' lang='lat' dir='ltr'><strong>non</strong></span> <span class='ocrx_word' id='word_1_311' title='bbox 1050 3934 1279 4009; x_wconf 86' lang='lat' dir='ltr'><strong>substantivum,</strong></span> <span class='ocrx_word' id='word_1_312' title='bbox 1300 3939 1353 3999; x_wconf 82' lang='lat' dir='ltr'><strong>sed</strong></span> 
     </span>
     <span class='ocr_line' id='line_1_37' title="bbox 203 4031 1354 4115; baseline 0.002 -19"><span class='ocrx_word' id='word_1_313' title='bbox 203 4035 379 4097; x_wconf 85' lang='lat' dir='ltr'><strong>adiectirum</strong></span> <span class='ocrx_word' id='word_1_314' title='bbox 409 4035 448 4096; x_wconf 93' lang='lat' dir='ltr'><strong>sit</strong></span> <span class='ocrx_word' id='word_1_315' title='bbox 481 4031 696 4115; x_wconf 91' lang='grc' dir='ltr'><em>βολβοφακῆν</em></span> <span class='ocrx_word' id='word_1_316' title='bbox 724 4033 893 4113; x_wconf 87' lang='lat' dir='ltr'><strong>indicetque</strong></span> <span class='ocrx_word' id='word_1_317' title='bbox 930 4033 1072 4094; x_wconf 88' lang='lat' dir='ltr'><strong>libentius</strong></span> <span class='ocrx_word' id='word_1_318' title='bbox 1108 4035 1224 4096; x_wconf 87' lang='lat' dir='ltr'><strong>Stoicos</strong></span> <span class='ocrx_word' id='word_1_319' title='bbox 1258 4037 1354 4098; x_wconf 85' lang='lat' dir='ltr'><strong>edere</strong></span> 
     </span>
     <span class='ocr_line' id='line_1_38' title="bbox 199 4130 1355 4214; baseline 0.006 -23"><span class='ocrx_word' id='word_1_320' title='bbox 199 4135 330 4195; x_wconf 86' lang='lat' dir='ltr'><strong>urticam</strong></span> <span class='ocrx_word' id='word_1_321' title='bbox 347 4153 413 4195; x_wconf 88' lang='lat' dir='ltr'><strong>cum</strong></span> <span class='ocrx_word' id='word_1_322' title='bbox 435 4133 516 4194; x_wconf 91' lang='lat' dir='ltr'><strong>lente</strong></span> <span class='ocrx_word' id='word_1_323' title='bbox 529 4132 619 4192; x_wconf 92' lang='lat' dir='ltr'><strong>simul</strong></span> <span class='ocrx_word' id='word_1_324' title='bbox 634 4137 664 4192; x_wconf 83' lang='lat' dir='ltr'><strong>et</strong></span> <span class='ocrx_word' id='word_1_325' title='bbox 686 4150 782 4211; x_wconf 91' lang='lat' dir='ltr'><strong>caepa.</strong></span> <span class='ocrx_word' id='word_1_326' title='bbox 824 4130 927 4194; x_wconf 81' lang='lat' dir='ltr'><strong>Aliena</strong></span> <span class='ocrx_word' id='word_1_327' title='bbox 952 4149 1091 4210; x_wconf 83' lang='lat' dir='ltr'><strong>agraeca</strong></span> <span class='ocrx_word' id='word_1_328' title='bbox 1117 4132 1231 4194; x_wconf 87' lang='lat' dir='ltr'><strong>scilicet</strong></span> <span class='ocrx_word' id='word_1_329' title='bbox 1251 4134 1355 4214; x_wconf 79' lang='lat' dir='ltr'><strong>lingua</strong></span> 
     </span>
     <span class='ocr_line' id='line_1_39' title="bbox 203 4228 1354 4312; baseline 0.001 -18"><span class='ocrx_word' id='word_1_330' title='bbox 203 4241 233 4294; x_wconf 90' lang='lat' dir='ltr'><strong>et</strong></span> <span class='ocrx_word' id='word_1_331' title='bbox 258 4253 274 4294; x_wconf 93' lang='lat' dir='ltr'><strong>a</strong></span> <span class='ocrx_word' id='word_1_332' title='bbox 301 4231 418 4312; x_wconf 88' lang='lat' dir='ltr'><strong>populis</strong></span> <span class='ocrx_word' id='word_1_333' title='bbox 444 4229 580 4309; x_wconf 83' lang='lat' dir='ltr'><strong>Europae</strong></span> <span class='ocrx_word' id='word_1_334' title='bbox 605 4237 722 4308; x_wconf 86' lang='lat' dir='ltr'><strong>praeter</strong></span> <span class='ocrx_word' id='word_1_335' title='bbox 748 4229 850 4291; x_wconf 88' lang='lat' dir='ltr'><strong>Slaros</strong></span> <span class='ocrx_word' id='word_1_336' title='bbox 877 4228 1018 4290; x_wconf 93' lang='lat' dir='ltr'><strong>omnibus</strong></span> <span class='ocrx_word' id='word_1_337' title='bbox 1043 4230 1226 4305; x_wconf 80' lang='lat' dir='ltr'><strong>substantiva</strong></span> <span class='ocrx_word' id='word_1_338' title='bbox 1254 4234 1354 4311; x_wconf 87' lang='lat' dir='ltr'><strong>qualia</strong></span> 
     </span>
    </p>
   </div>
   <div class='ocr_carea' id='block_1_8' title="bbox 204 4325 1355 4510">
    <p class='ocr_par' dir='ltr' id='par_1_10' title="bbox 204 4325 1355 4510">
     <span class='ocr_line' id='line_1_40' title="bbox 204 4325 1355 4407; baseline -0.004 -14"><span class='ocrx_word' id='word_1_339' title='bbox 204 4332 336 4393; x_wconf 89' lang='lat' dir='ltr'><strong>dvandva</strong></span> <span class='ocrx_word' id='word_1_340' title='bbox 350 4329 416 4391; x_wconf 93' lang='lat' dir='ltr'><strong>lndi</strong></span> <span class='ocrx_word' id='word_1_341' title='bbox 431 4327 599 4407; x_wconf 88' lang='lat' dir='ltr'><strong>praedicant</strong></span> <span class='ocrx_word' id='word_1_342' title='bbox 615 4325 693 4404; x_wconf 82' lang='lat' dir='ltr'><strong>(lob.</strong></span> <span class='ocrx_word' id='word_1_343' title='bbox 711 4327 861 4388; x_wconf 90' lang='lat' dir='ltr'><strong>Schmidt:</strong></span> <span class='ocrx_word' id='word_1_344' title='bbox 889 4326 941 4386; x_wconf 87' lang='lat' dir='ltr'><strong>Die</strong></span> <span class='ocrx_word' id='word_1_345' title='bbox 956 4327 1175 4388; x_wconf 85' lang='lat' dir='ltr'><strong>Veruandtsch.</strong></span> <span class='ocrx_word' id='word_1_346' title='bbox 1191 4328 1245 4390; x_wconf 92' lang='lat' dir='ltr'><strong>der</strong></span> <span class='ocrx_word' id='word_1_347' title='bbox 1263 4331 1355 4393; x_wconf 65' lang='lat' dir='ltr'><strong>indo÷</strong></span> 
     </span>
     <span class='ocr_line' id='line_1_41' title="bbox 205 4424 1354 4510; baseline 0 -19"><span class='ocrx_word' id='word_1_348' title='bbox 205 4429 382 4510; x_wconf 52' lang='lat' dir='ltr'><strong>gormppr.</strong></span> <span class='ocrx_word' id='word_1_349' title='bbox 398 4447 427 4507; x_wconf 89' lang='lat' dir='ltr'><strong>p.</strong></span> <span class='ocrx_word' id='word_1_350' title='bbox 446 4427 495 4500; x_wconf 80' lang='lat'><strong>14,</strong></span> <span class='ocrx_word' id='word_1_351' title='bbox 513 4425 602 4505; x_wconf 18' lang='lat' dir='ltr'><strong>ulicis,</strong></span> <span class='ocrx_word' id='word_1_352' title='bbox 617 4425 669 4486; x_wconf 83' lang='lat' dir='ltr'><strong>[lie</strong></span> <span class='ocrx_word' id='word_1_353' title='bbox 686 4424 911 4505; x_wconf 87' lang='lat' dir='ltr'><strong>Spracbeinheit</strong></span> <span class='ocrx_word' id='word_1_354' title='bbox 926 4426 953 4485; x_wconf 93' lang='lat' dir='ltr'><strong>d.</strong></span> <span class='ocrx_word' id='word_1_355' title='bbox 972 4425 1074 4502; x_wconf 78' lang='lat' dir='ltr'><strong>lndog.</strong></span> <span class='ocrx_word' id='word_1_356' title='bbox 1092 4425 1225 4506; x_wconf 77' lang='lat' dir='ltr'><strong>Europus</strong></span> <span class='ocrx_word' id='word_1_357' title='bbox 1240 4447 1268 4507; x_wconf 92' lang='lat' dir='ltr'><strong>p.</strong></span> <span class='ocrx_word' id='word_1_358' title='bbox 1281 4429 1354 4508; x_wconf 78' lang='grc'>39).</span> 
     </span>
    </p>
   </div>
   <div class='ocr_carea' id='block_1_9' title="bbox 0 0 1461 5040">
    <p class='ocr_par' dir='ltr' id='par_1_11' title="bbox 0 0 1461 5040">
     <span class='ocr_line' id='line_1_42' title="bbox 0 0 1461 5040; baseline 0 0"><span class='ocrx_word' id='word_1_359' title='bbox 0 0 1461 5040; x_wconf 95' lang='lat' dir='ltr'><strong> </strong></span> 
     </span>
    </p>
   </div>
  </div>
 </body>
</html>
