2902 5040
617 307 839 370 ..20-

156 487 189 546 in
230 494 307 564 terpo
342 493 408 546 seat
450 482 578 563 ideoque
620 503 692 564 pore
728 483 842 545 oetltt‘os
876 501 937 544 reor
971 484 1060 556 eme,
1103 501 1231 563 quarum
1272 483 1307 545 in

158 581 249 643 altera
278 602 350 663 puae
378 582 580 643 nominativus
609 582 642 642 in
671 581 763 642 altera
791 581 971 643 accusativus
1001 593 1065 657 est;
1095 582 1136 643 ita
1165 589 1200 642 nt
1226 591 1307 661 tem

157 679 300 741 locativus
334 681 419 760 quasi
451 681 491 742 sit
523 680 699 743 adiectivum
732 678 946 742 admirabiliter
967 680 1024 759 ipsi
1051 680 1221 743 accusativo
1250 679 1307 742 ad·

157 775 291 840 haereat!
335 778 514 857 Legitimum
545 779 667 840 fuisset:
696 797 777 840 arma
799 786 883 856 tergo
908 796 984 858 quae
1010 777 1121 857 adspici
1142 777 1180 839 ab
1202 776 1307 839 anthia

157 884 323 954 nequeunt.
366 877 463 956 Atque
489 874 596 938 licebat
617 895 735 938 versum
758 895 944 956 componere
959 877 1099 939 facillima
1119 875 1305 939 mutatione:

156 974 280 1036 Anthios
302 975 348 1036 bis
372 974 463 1053 tergi.
478 993 555 1054 quae
578 993 641 1037 non
656 976 744 1044 videt,
771 975 865 1036 utitur
885 975 1054 1037 armisllim
1077 974 1181 1055 spinae
1202 973 1308 1037 norit·

156 1090 214 1151 que
247 1091 327 1134 suae.
371 1073 430 1135 Sed
463 1073 608 1154 seriptum
640 1074 669 1135 id
704 1074 773 1135 olim
806 1091 908 1135 revera
940 1072 1035 1135 luisse
1067 1071 1307 1153 improbabiliter

156 1178 279 1232 statues.
1279 1214 1304 1229 ..

242 1269 421 1331 ldisoeantur
443 1269 581 1349 gravibus
603 1269 729 1345 leviora3
760 1267 949 1348 participium
977 1267 1071 1348 fidem
1091 1267 1138 1329 bis
1158 1267 1246 1330 adest
1269 1267 1304 1331 in

36 1363 38 1366 ’
157 1367 392 1431 Habenticorum
415 1368 586 1430 centenario
607 1366 735 1437 ambitn3
765 1365 888 1427 Ovidius
917 1366 975 1428 boe
996 1366 1119 1428 verbum
1141 1364 1213 1427 satis
1233 1382 1305 1426 raro

156 1467 272 1544 posuit3
295 1465 472 1527 infinitivum
496 1463 588 1528 habes
610 1465 677 1526 llet
693 1465 757 1535 vll,
780 1464 842 1524 545
864 1463 951 1544 fidere
972 1483 1060 1526 cerro
1080 1465 1182 1544 (quem
1205 1470 1305 1526 totum

155 1564 256 1625 locum
291 1565 424 1627 imitator
457 1583 519 1626 non
551 1564 705 1644 ignorasse
736 1562 882 1642 videtur);
917 1582 968 1643 ope
1000 1565 1065 1644 fidia
1097 1565 1203 1642 epoe'tta
1235 1560 1306 1623 Met

156 1661 205 1734 ΙΙΙ,
240 1662 318 1737 125;
350 1663 538 1743 participium
571 1663 663 1743 fidens
693 1663 787 1725 semel
819 1661 877 1723 vidi
906 1660 976 1723 Met.
998 1661 1071 1733 vlss,
1097 1659 1176 1725 370.
1194 1659 1305 1738 fideus*

156 1778 209 1839 paee
240 1761 399 1823 reumatibus
432 1764 536 1834 ormis;
573 1761 644 1842 fisus
679 1759 820 1838 praetulit
853 1767 884 1821 et
915 1760 984 1820 blet.
1012 1758 1075 1832 XV,
1106 1756 1169 1819 827
1203 1764 1233 1819 et
1267 1777 1305 1819 ex

156 1857 253 1918 Ponto
277 1858 323 1931 lv,
345 1857 375 1929 9,
400 1858 457 1933 783
491 1868 593 1922 contra
616 1857 760 1938 Vergilius
785 1859 877 1938 fideres
899 1861 1072 1937 frequenter
1092 1856 1305 1936 praeamabat-

155 1974 214 2034 que
241 1957 298 2017 boc
320 1956 461 2032 verbum,
496 1975 650 2036 nunqnam
673 1957 751 2036 fisos.
796 1956 911 2017 Tamen
937 1965 1040 2018 contra
1065 1954 1159 2035 fideres
1180 1952 1306 2032 pedules

155 2053 234 2132 quod
261 2063 306 2115 est
337 2054 398 2115 Hal.
422 2055 462 2116 63
486 2055 637 2135 disputare
658 2055 738 2116 nolo.
781 2053 889 2116 Premo
913 2055 1009 2117 locum
1033 2053 1157 2115 alterum
1181 2050 1234 2130 qui
1257 2061 1304 2113 est

155 2136 181 2210 r.
204 2151 245 2212 53
261 2170 320 2232 sq.:

158 2246 162 2251 ⁴
255 2263 385 2343 Impiger
407 2283 475 2326 ecoe
496 2264 543 2325 leo
566 2271 728 2326 venantum
751 2271 885 2326 sternere
907 2265 1005 2345 pergit
1271 2332 1274 2337 ,

255 2361 379 2439 Agmina
403 2372 432 2424 et
454 2361 627 2423 adversis
649 2363 762 2424 infert
784 2381 846 2423 sua
868 2369 1018 2442 pectora
1038 2363 1104 2424 telis
1206 2352 1209 2357 ’
1260 2354 1263 2359 ’
1286 2446 1290 2453 ἡ

255 2458 379 2538 Quoque
402 2460 483 2521 venit
505 2459 631 2522 fidens
654 2461 747 2538 magis
771 2467 800 2522 et
822 2460 965 2522 sublatior
986 2460 1071 2523 ardet
1092 2479 1155 2541 eqs.

153 2578 188 2638 ln
210 2576 318 2656 quibus
347 2578 470 2658 ponitur
490 2580 585 2659 fideres
606 2598 668 2642 non
689 2580 825 2660 adposito
848 2582 893 2643 vel
914 2581 1038 2643 ablativo
1062 2581 1107 2643 rel
1128 2581 1242 2654 dativo,
1271 2544 1304 2645 id

76 2704 80 2709 ·
154 2677 234 2754 quod
264 2694 324 2738 non
355 2679 424 2739 fecit
445 2679 582 2753 Ovidius,
611 2687 641 2740 at
665 2697 734 2742 vero
757 2680 902 2762 Vergilius
924 2683 998 2742 Aen.
1021 2680 1069 2752 ΙΙΙ,
1093 2678 1172 2754 3703
1207 2699 1300 2759 quem

153 2774 250 2852 locum
273 2784 408 2839 accurate
430 2777 456 2839 si
478 2778 603 2856 legeris:

253 2887 336 2949 dude
358 2897 446 2967 atque
468 2889 662 2951 adversum
685 2889 806 2951 fidens
828 2889 885 2951 ler
906 2898 1036 2970 pectus
1059 2890 1091 2952 in
1112 2891 1242 2964 hostem,
1298 2902 1301 2909 '

153 3022 215 3067 non
239 3007 387 3070 dubitabis
410 3009 606 3088 vergilianam
629 3008 707 3070 hanc
728 3008 925 3071 imitationem
948 3028 1117 3090 agnoscere.
1158 3010 1300 3073 Ceterum

151 3105 242 3184 [imm
263 3109 355 3168 aret'rro'
374 3106 510 3170 absolute
532 3109 631 3187 posuit
651 3107 794 3186 Vergilius
816 3108 888 3169 den.
911 3109 946 3184 ΙΙ,
971 3110 1021 3171 61.

238 3204 374 3283 Pergitur
401 3213 501 3267 autem
531 3206 563 3266 in
593 3204 655 3266 llal.
683 3225 710 3266 r.
735 3206 775 3265 57
804 3207 841 3268 de
867 3207 953 3268 leone
980 3208 1075 3270 verbis
1096 3225 1185 3288 supra
1208 3207 1301 3270 easti-

170 3301 243 3363 atis:

151 3320 169 3379 g
295 3400 424 3463 Procidit
447 3409 536 3483 atque
558 3421 614 3464 suo
637 3410 777 3481 properat
799 3401 855 3463 sibi
875 3402 985 3464 robore
1006 3403 1109 3464 letum.

152 3518 273 3581 Ovidius
305 3521 394 3584 verbo
422 3541 577 3602 properare
610 3523 793 3584 transitivam
816 3541 904 3601 quam
927 3523 1030 3584 dicunt
1058 3523 1212 3586 notionem
1234 3542 1299 3586 non

151 3618 297 3680 tribuebat
329 3620 386 3681 nisi
420 3621 451 3682 in
485 3621 589 3682 somnis
622 3620 728 3700 passivi
758 3621 890 3699 generis,
923 3621 1010 3701 quale
1042 3631 1089 3683 est
1112 3633 1300 3702 properator

150 3734 233 3777 emor
263 3718 328 3778 dm.
352 3718 400 3790 ΙΙΙ,
431 3721 458 3790 1,
488 3718 545 3793 69;
578 3719 645 3780 llet.
673 3720 705 3792 V,
732 3718 805 3792 396,
836 3720 910 3780 item
942 3731 1111 3799 properatus
1142 3720 1218 3782 dixit
1248 3740 1300 3785 res

149 3815 294 3894 plurimas
324 3817 403 3877 velut
431 3817 554 3896 gloriam
584 3817 715 3879 carmina
738 3817 838 3878 oscula
859 3817 979 3878 foedera
1000 3818 1050 3879 fila
1070 3817 1193 3892 similia,
1223 3819 1299 3883 item

149 3913 345 3993 voluptatem
367 3931 430 3974 non
469 3935 533 3977 esse
571 3915 645 3977 dixit
680 3917 899 3996 properondcm
936 3917 998 3976 Art.
1031 3916 1075 3990 Η,
1108 3916 1182 3978 717.
1206 3924 1209 3931 ’
1236 3919 1300 3983 Sed

149 4010 251 4073 activis
282 4010 365 4073 verbi
396 4013 500 4074 formis
530 4032 695 4095 numquam
725 4014 910 4077 transitiram
937 4014 997 4077 rim
1017 4015 1146 4089 addidit,
1177 4022 1300 4096 semper

148 4108 384 4184 intransitivam3
411 4110 449 4171 cl.
473 4111 540 4172 llet.
556 4111 613 4184 ΙΙΙ,
636 4112 714 4188 6573
741 4113 789 4186 lv,
811 4112 890 4187 3173
920 4133 958 4175 ex
978 4112 1076 4175 Ponto
1098 4114 1147 4188 ΙΙΙ,
1170 4115 1200 4187 5,
1224 4115 1244 4176 9
1266 4125 1300 4178 et

149 4208 280 4287 exempla
300 4207 414 4288 reliqua
436 4208 597 4273 innumera
617 4210 690 4273 lere.
729 4212 811 4284 Quae
832 4212 900 4292 quia
922 4221 981 4273 tam
999 4212 1187 4286 multarunt,
1210 4221 1299 4276 caute

148 4303 174 4367 is
195 4314 265 4384 aget
286 4307 337 4386 qui
365 4307 483 4368 leonem
511 4307 595 4369 illum
623 4308 654 4370 in
675 4308 848 4371 Halientiois
879 4310 972 4371 letum
1002 4309 1060 4370 sibi
1085 4317 1297 4389 properantem

148 4410 269 4466 rectene
292 4405 405 4469 Nasoni
427 4405 608 4485 adsignarint
621 4407 815 4471 addubitabit.
857 4407 998 4487 Vergilius
1020 4416 1065 4470 est
1083 4409 1138 4488 ¹qui
1160 4409 1250 4471 bunc·
1263 4409 1297 4471 in
