2902 5040
708 295 925 360 -74-

244 473 370 553 spiceret
397 471 495 551 mugil,
522 490 702 550 causamque
725 472 899 552 excogitavit
919 491 1036 546 novam,
1063 492 1205 553 quarem
1230 473 1389 552 explicaret

244 581 274 632 et
295 590 348 632 suo
369 570 493 632 consilio
508 570 616 632 caudae
631 570 752 634 verbera
767 572 980 636 accomodaret.
1024 573 1108 644 Quod
1129 573 1312 653 praeclarum
1326 589 1388 651 quo

243 670 408 731 illustretur
444 669 568 732 istorum
604 669 784 748 scriptorum
822 671 987 750 compilatio
1014 671 1180 750 exemplum
1207 677 1262 738 est.
1307 671 1389 733 Duae

244 768 281 830 de
303 768 459 829 calliditate
481 767 623 845 mugilum
646 768 769 831 fabellae
793 769 927 830 fuerant:
954 770 1043 831 altera
1065 770 1102 830 de
1124 770 1260 831 evitando
1281 768 1389 831 hamo

244 889 332 949 quam
349 878 379 931 et
394 867 567 932 Plutarchus
588 874 617 927 et
633 866 753 928 Ovidius
773 868 956 940 memoravit,
981 868 1071 930 altera
1092 869 1128 929 de
1149 867 1287 930 evitando
1308 875 1389 929 rete

244 988 334 1049 quam
354 986 444 1030 unam
464 967 615 1048 Oppianus
642 982 755 1045 ponere
780 968 861 1028 inter
886 966 1012 1045 piscium
1038 967 1211 1029 calliditates
1236 968 1308 1030 satis
1334 971 1388 1028 ha·

244 1069 307 1131 buit
322 1068 361 1128 lll
377 1066 416 1128 98
429 1086 506 1146 sqq„
536 1084 604 1127 cum
634 1064 809 1144 praeteriret
839 1065 915 1126 hane
944 1064 1053 1128 latinus
1083 1073 1184 1144 poeta,
1213 1067 1397 1146 praeteriret.

244 1167 331 1227 etiam
348 1165 532 1247 Plutarchus,
555 1163 605 1242 qui
626 1163 686 1224 duo
707 1169 825 1225 tantum
845 1164 917 1226 retis
940 1165 1049 1227 vitandi
1071 1166 1204 1244 exempla
1218 1165 1389 1245 prolaturus

245 1264 370 1342 mugiles
396 1280 456 1324 non
482 1260 647 1342 praemittit
671 1261 729 1322 nisi
756 1261 820 1341 capi
845 1271 907 1324 rete
933 1282 962 1342 p.
980 1261 1079 1324 977P.

329 1362 371 1423 lle
395 1362 465 1441 lupo
492 1379 610 1440 quoquo
637 1359 750 1420 fabulae
776 1368 911 1441 acceptae
937 1362 1010 1423 duae
1035 1362 1129 1424 fuere.
1173 1362 1283 1425 lterum
1306 1363 1389 1425 enim

245 1461 280 1521 de
295 1479 330 1521 eo
346 1461 521 1522 Plutarchus
537 1457 630 1520 977F
650 1459 730 1520 hune
749 1460 781 1519 in
804 1460 940 1521 modum:
962 1454 1064 1522 Ἀλλδ
1092 1455 1148 1520 καὶ
1174 1458 1259 1542 πρδς
1283 1460 1389 1522 ταῦτα

244 1557 298 1636 (sc.
327 1556 368 1618 τὰ
397 1556 526 1634 δίκτυα)
556 1555 701 1638 μηχαναὶ
730 1564 804 1629 ταῖς
832 1556 951 1635 γαλαῖς
982 1552 1093 1638 ὥσπερ
1123 1557 1174 1640 τῆ
1202 1555 1389 1640 λάβρακι·

245 1655 450 1738 *συρομένην
469 1654 531 1739 γὰρ
547 1649 795 1735 αἰσθανόμενος
809 1656 877 1735 βίᾳ
893 1651 1070 1738 διῖστησι
1087 1654 1142 1718 καὶ
1163 1651 1280 1720 τύπτει
1301 1677 1389 1718 κοι-

244 1752 387 1818 λαίνων
415 1749 626 1835 τοῦδαφος·
667 1746 747 1815 ὅταν
777 1751 814 1814 δὲ
843 1749 992 1839 *ποιήσῃ
1022 1753 1078 1837 τῆς
1107 1751 1290 1837 ἐπιδρομῆς
1329 1756 1389 1818 τού

245 1851 377 1915 δικτύου
407 1850 516 1936 χώραν
545 1849 647 1914 ἔωσεν
677 1847 794 1912 ἑαυτὸν
823 1848 879 1912 καὶ
913 1854 1147 1936 προςέχεται
1176 1855 1314 1936 μέχρις
1342 1849 1389 1916 διν

244 1951 440 2036 παρέλθῃ.

244 2070 311 2131 Non
338 2071 421 2132 aliter
442 2069 593 2150 Oppianus
609 2068 649 2129 lll
666 2067 742 2128 121:

353 2163 521 2251 Λάβραξ
549 2164 591 2229 δὲ
617 2161 855 2250 πτερύγεσσι
883 2163 952 2227 διὰ
977 2161 1192 2248 ψαμάθοιο
1218 2157 1389 2254 λαχῆνας

345 2263 496 2349 βόθρον
522 2261 601 2328 ὅσον
628 2263 794 2337 δέξασθαι
821 2261 876 2326 ἑὸν
904 2263 1018 2348 δέμας,
1045 2259 1176 2348 ῆύτῖἒς
1204 2254 1299 2347 εδνῆν

345 2361 526 2447 ἐκλίνθη·
554 2361 610 2425 καὶ
636 2363 689 2426 τοὶ
715 2360 774 2445 μὲν
799 2357 855 2424 ἐπ’
881 2357 995 2445 ῆϊύνας
1021 2358 1203 2442 κατάγουσι

343 2462 475 2526 δίκτυον
500 2458 694 2543 ἆσπαλιῆες,
720 2457 739 2523 δ
765 2456 796 2522 δ’
825 2456 893 2523 ἰλύι·
917 2463 1067 2544 κείμενος
1093 2456 1199 2536 αὔτως

345 2557 556 2632 ἀσπασίως
582 2556 706 2642 ἤλυξε
732 2557 787 2620 καὶ
814 2555 952 2641 ἔκφυγεν
978 2557 1078 2660 ἄκρῆν
1104 2556 1258 2645 ὀλέθρου.
1313 2581 1329 2611 0
1393 2555 1396 2559 ’

244 2688 320 2750 Hinc
352 2689 510 2748 lacunosus
536 2683 621 2746 latini
645 2685 804 2762 fragmenti
834 2686 916 2746 locus
951 2685 1009 2747 iam
1043 2685 1158 2763 plenior
1186 2673 1317 2747 adscribi
1347 2686 1388 2748 ita

244 2786 353 2868 poterit
372 2806 400 2847 v.
417 2784 544 2864 23sqq.:

346 2912 468 2973 Clausus
494 2917 558 2971 rete
584 2909 690 2988 lupus
718 2907 851 2987 quamvis
877 2906 991 2969 inmitis
1019 2916 1049 2968 et
1075 2925 1141 2969 acer

345 3009 504 3071 Dimotis
531 3007 622 3068 cauda
648 3005 863 3068 submissus
891 3006 980 3067 sidit
1006 3006 1134 3067 arenis

346 3105 394 3189 [ln
419 3109 564 3186 foveaque
589 3105 699 3177 iacens,
728 3105 777 3166 ubi
802 3110 867 3166 rete
893 3102 1021 3186 levatur]
1050 3105 1082 3166 in
1108 3122 1205 3177 auras,

344 3207 482 3267 Emicat
508 3213 597 3284 atque
624 3204 707 3265 dolos
731 3203 808 3265 saltu
835 3203 947 3265 deludit
971 3202 1092 3264 inultus.

245 3331 303 3392 Sed
325 3331 414 3393 etiarn
435 3329 584 3393 Plutarchi
604 3327 700 3389 verbis
721 3328 955 3390 succurrendum
980 3326 1106 3388 videtur.
1153 3328 1285 3389 Primum
1308 3330 1389 3391 enim

146 3432 148 3435 ’
244 3430 361 3490 etiamsi
373 3428 597 3509 Wyttenbachio
614 3426 784 3506 parebimus
799 3444 889 3488 sensu
901 3425 1044 3487 carebunt
1054 3427 1108 3487 ista
1122 3420 1202 3488 ὅταν
1213 3423 1251 3488 δὲ
1262 3424 1389 3511 ποιήσῃ

244 3526 354 3607 (πρὸ)
381 3528 437 3609 τῆς
464 3524 647 3606 ἐπιδρομῆς
673 3523 731 3587 τού
761 3520 895 3586 δικτύου
920 3516 1031 3606 χώραν
1056 3519 1157 3587 ἔωσεν
1183 3521 1302 3588 ἑαυτὸν
1327 3545 1389 3606 eqs.

243 3624 319 3696 Quid
346 3635 391 3686 est
420 3625 501 3686 enim
527 3617 713 3706 ε’πιδρομῆλ
738 3616 758 3685 δ
784 3621 967 3706 ἐπίδρομος
993 3623 1182 3686 venatoribus
1211 3624 1292 3687 funis
1319 3625 1390 3686 retis

243 3723 379 3802 superior
404 3723 539 3785 audiebat
566 3741 625 3801 quo
651 3728 715 3783 rete
738 3721 837 3800 ipsum
864 3721 1066 3784 attrahebatur
1087 3723 1137 3792 (cf.
1158 3722 1269 3785 Polluc.
1290 3724 1313 3785 V
1334 3723 1393 3796 293

243 3821 319 3882 Plini
336 3829 437 3884 autern
453 3820 541 3881 verba
557 3820 623 3882 XlX
641 3820 674 3880 ll
695 3820 735 3881 ita
752 3819 901 3882 adscribo:
924 3820 1100 3901 vidimusque
1119 3828 1220 3883 umen
1235 3831 1333 3884 τουτου
1347 3831 1391 3883 te-

243 3925 362 3982 nuitatis
387 3930 419 3982 ot
439 3919 559 3981 ουυλυυι
588 3919 710 3980 hominia
738 3937 802 3980 ταοι
832 3920 984 3998 epidromis
1010 3922 1180 3994 transireat,
1209 3917 1308 3998 (va)
1330 3938 1391 3982 υιιο

240 4031 374 4100 portento
396 4017 609 4080 multitudinem
631 4035 687 4096 ρυο
709 4017 798 4078 soltus
822 4019 1029 4097 elaqueatum
1055 4019 1156 4098 itaque
1177 4013 1198 4099 ἡ
1223 4015 1390 4101 δπιδρομῆ

243 4118 301 4180 τού
331 4112 463 4179 δικτύου
493 4115 555 4194 ipsa
586 4114 738 4177 adstrictio
767 4115 837 4176 retis
867 4133 965 4195 neque
991 4118 1068 4181 aliud
1099 4125 1153 4177 est.
1198 4117 1291 4180 Porro
1318 4116 1390 4197 quid

243 4216 298 4278 sibi
318 4217 380 4278 vult
398 4208 512 4297 χώραν
530 4211 665 4274 noceto?
694 4213 768 4274 Rem
788 4213 812 4274 si
832 4215 1008 4294 spectatoris
1035 4216 1103 4278 talia
1128 4214 1282 4294 flagitabis:
1311 4208 1392 4279 ὅταν

245 4312 283 4375 δὲ
303 4310 471 4396 προνοῆσῆ
492 4315 549 4398 τῆς
564 4313 748 4397 ἐπιδρομῆς
773 4314 833 4379 τού
859 4313 993 4380 δικτύου
1018 4317 1048 4380 τ“
1074 4312 1171 4400 ὥραν.
1201 4316 1295 4379 Porro
1311 4325 1391 4380 stare

246 4412 351 4492 nequit
366 4403 467 4476 ἔωσεν
482 4410 613 4477 ἑαυτδνε
641 4415 749 4494 poterit
764 4415 915 4487 εῑςέωσεν
930 4412 1046 4480 ἑαυτὸν
1060 4417 1091 4480 in
1108 4435 1203 4496 eoque
1218 4415 1391 4496 aequiorem
