2902 5040
597 338 835 403 -193-

151 519 221 580 illud
249 525 381 581 metrum
403 516 554 579 rarissime
587 515 822 597 deprehenditur
854 515 980 596 exphco:
1016 516 1059 579 sic
1091 513 1169 576 anim
1202 522 1286 593 poeta

148 616 291 680 austerior
306 616 390 699 quasi
411 621 500 697 atque
522 615 669 678 horridior
690 615 810 676 inruere
831 613 863 675 in
884 613 1037 677 inimicum
1060 613 1180 678 lividum
1203 614 1286 678 ride·

148 716 245 778 batur.
283 715 498 781 simulantem
521 716 746 798 tripartitionem
763 713 849 776 metri
863 713 974 776 heroici
997 713 1121 776 alienam
1144 733 1160 776 a
1181 731 1286 794 graeco

149 814 318 879 Callimachi
333 818 467 897 exemplo
483 815 603 878 viderat.
639 814 748 876 Eadem
765 821 827 876 arte
842 820 974 875 austeras
996 813 1029 875 in
1044 813 1155 876 Catullo
1171 811 1287 885 Parcas,

149 915 288 977 amabiles
321 935 391 977 vero
414 914 574 996 Hymenaei
596 921 761 978 cantatores
784 933 852 976 asse
875 913 1062 976 observatum
1094 922 1156 989 est,
1190 913 1287 975 simile

150 1014 187 1075 de
203 1015 332 1078 Senecae
347 1015 524 1078 hexametris
540 1014 674 1096 quamvis
689 1012 821 1094 pauculis
835 1014 855 1075 l.
872 1012 890 1074 l.
906 1032 935 1094 p.
952 1012 992 1074 65
1009 1012 1078 1075 adn.
1095 1011 1125 1075 2.
1155 1012 1287 1092 benique

150 1113 238 1175 etiam
260 1113 380 1194 singulis
413 1114 484 1177 loeis
506 1123 608 1195 poetas
642 1121 693 1176 aut
725 1113 847 1176 adrem
869 1129 943 1174 sono
965 1111 1169 1175 illustrandam
1191 1119 1241 1173 aut
1263 1110 1289 1171 si

150 1212 221 1292 qnid
244 1212 323 1274 aliud
345 1212 486 1276 invitabat
507 1213 553 1275 bis
575 1213 713 1278 incidisse
735 1225 852 1275 versum
882 1211 993 1286 sentio,
1022 1211 1102 1294 quod
1128 1217 1228 1274 tamen
1257 1211 1288 1274 in
1346 1289 1350 1295 Ι
1435 1212 1439 1217 ’

149 1311 213 1392 ipsa
245 1312 370 1375 lectione
401 1312 512 1376 facilius
545 1312 757 1376 auscultabitur
788 1329 877 1392 quam
913 1311 1121 1391 disputationis
1154 1311 1289 1390 angustis

150 1409 257 1473 finibus
279 1410 469 1474 describetur.
515 1411 669 1492 Singulare
691 1420 788 1473 autem
818 1410 907 1473 buius
934 1410 978 1472 rei
1006 1410 1174 1490 exemplum
1194 1427 1288 1472 unum

150 1526 212 1569 non
235 1528 400 1573 memorare
421 1529 483 1573 non
504 1530 644 1590 possum:
678 1511 788 1572 hetnae
821 1509 900 1571 enim
935 1509 1062 1591 scriptor
1092 1510 1128 1572 ad
1162 1511 1289 1572 formam

149 1608 268 1670 tertiam
289 1609 411 1672 formari
432 1618 462 1672 et
484 1610 614 1690 primum
636 1609 774 1672 carminis
790 1629 907 1672 versum
923 1609 1077 1671 constituit
1099 1616 1130 1671 et
1150 1608 1289 1673 ultimum

152 1705 256 1784 toton:
286 1716 407 1770 atvero
431 1716 460 1770 et
478 1709 608 1789 primum
631 1709 713 1770 illum
737 1707 962 1790 semiquinariae
985 1727 1085 1770 merae
1107 1726 1169 1769 non
1192 1707 1290 1770 minus

151 1804 193 1865 54
209 1804 357 1885 excipiunt
379 1807 418 1881 (v.
435 1807 475 1868 56
491 1807 513 1868 F
528 1807 580 1884 ΙΙΙ)
604 1815 634 1868 et
657 1807 760 1870 ultimo
783 1807 1126 1888 semiquinariaesaltem
1144 1806 1182 1869 17
1205 1815 1289 1868 ante-

151 1903 261 1965 cedunt
284 1907 322 1982 (r.
340 1904 400 1967 628
417 1912 445 1967 et
461 1905 522 1967 625
538 1907 560 1967 F
578 1905 629 1983 ΙΙΙ)
645 1925 712 1968 cum
727 1906 888 1987 septimum
904 1924 1052 1987 quemque
1068 1923 1188 1967 versum
1204 1912 1290 1985 poeta

152 2001 199 2063 bic
220 2001 265 2064 bis
288 2003 417 2068 incidere
431 2004 536 2067 solitus
558 2004 604 2066 sit.
641 2006 743 2085 ltaque
758 2005 834 2067 hanc
847 2004 896 2066 ille
911 2007 1037 2067 formam
1061 2013 1091 2067 et
1111 2003 1292 2084 praelusioni

153 2108 182 2162 et
204 2101 294 2163 exitui
317 2101 487 2165 decorandis
509 2103 596 2165 docte
619 2102 729 2182 selegit.

235 2199 391 2263 Lectiones
407 2201 562 2265 Ouidianas
584 2221 620 2263 ex
642 2202 763 2266 metrica
782 2202 897 2266 ratione
919 2202 1048 2265 iudicare
1070 2221 1131 2263 non
1153 2219 1290 2283 propero.

152 2297 215 2360 Nisi
236 2300 317 2379 quod
339 2300 370 2362 in
394 2301 505 2379 volgata
527 2299 614 2363 hodie
636 2299 782 2382 scriptura
804 2301 871 2365 blot.
887 2301 937 2365 ΙΙΙΙ
952 2300 1030 2363 225:

251 2425 290 2488 Et
311 2444 384 2506 quas
407 2426 481 2489 Ossa
504 2426 579 2499 tulit,
602 2445 676 2509 quas
699 2427 790 2492 altum
814 2426 917 2490 Pelion
939 2427 1044 2491 herbas
1163 2459 1165 2463 >

252 2524 358 2607 Othrys
381 2544 455 2606 quas
476 2525 648 2608 Pindusque
669 2534 698 2589 et
720 2526 814 2589 Pindo
836 2526 933 2590 maior
954 2525 1096 2610 Olympus

126 2716 129 2721 ,
154 2653 223 2714 PPS
244 2653 368 2717 inlatum
391 2673 406 2717 a
428 2663 514 2735 poeta
541 2672 680 2736 perverso
713 2655 872 2719 verborum
907 2656 1011 2719 ordine
1035 2674 1099 2720 esse
1120 2690 1161 2700 -
1184 2654 1292 2718 scihcet

154 2760 184 2814 et
205 2760 320 2835 poterat
343 2762 372 2816 et
394 2773 448 2835 par
470 2761 533 2816 erat
553 2753 684 2817 scribere
706 2752 786 2826 ros
808 2753 915 2835 Othrys
936 2754 1098 2836 Rhodosque
1121 2790 1162 2799 -
1183 2755 1293 2818 frustra

152 2851 226 2914 mibi
257 2854 433 2933 persuadere
465 2853 580 2928 laboro;
613 2854 664 2916 sed
695 2853 740 2915 vel
762 2853 959 2917 Laurentiano
991 2852 1068 2916 libro
1101 2854 1134 2917 in
1167 2873 1227 2936 quo
1249 2861 1294 2916 est

154 2951 311 3033 Othrysque
331 2963 358 3015 et
379 2952 541 3034 lt'odusquc
563 2953 600 3014 ad
623 2953 778 3035 genuinam
802 2954 947 3017 lecionem
970 2954 1039 3016 duci
1060 2952 1188 3034 poteris:

253 3065 420 3146 Othrysque
442 3065 615 3146 Pindusque
637 3072 668 3126 et
689 3065 785 3128 Pindo
806 3066 900 3128 maior
924 3065 1083 3147 Olympns3

152 3173 269 3256 qualem
292 3177 462 3240 violentiam
484 3177 636 3240 metricam
666 3177 737 3241 satis
767 3186 880 3258 gratam
903 3197 968 3240 eam
990 3177 1100 3241 Nasoni
1120 3175 1293 3259 praesertim

153 3274 273 3339 nomina
303 3278 476 3358 appellativa
498 3277 690 3358 componenti
718 3276 827 3340 librarii
849 3278 1027 3340 difficiliores
1049 3275 1215 3339 leniendam
1237 3294 1294 3355 pu-

152 3372 253 3436 tabant
275 3384 326 3437 aut
340 3394 392 3456 quc
413 3376 531 3458 inques
544 3383 693 3440 mutantes
708 3385 761 3439 aut
782 3377 964 3440 inculcantes
986 3388 1014 3441 et
1033 3375 1120 3439 tertio
1141 3374 1293 3456 semipedi.

152 3477 190 3534 At
210 3490 313 3536 verum
329 3475 460 3538 ethonis
480 3475 560 3538 libris
575 3477 710 3538 firmatur
725 3484 755 3538 et
770 3495 786 3538 a
803 3475 889 3539 bonis
909 3475 1073 3539 editoribus
1089 3475 1221 3555 agnitum
1239 3479 1294 3535 est.

237 3572 324 3647 Quod
348 3593 416 3636 vero
438 3575 532 3639 semel
554 3575 647 3638 delevi
669 3575 739 3639 PPS
761 3576 794 3638 in
815 3575 973 3640 dmoribus
996 3576 1023 3638 ΙΙ
1041 3572 1125 3648 lO,9
1148 3573 1203 3638 ita:

253 3704 411 3768 Errantem
433 3713 468 3769 ut
489 3705 585 3769 ventis
609 3706 793 3770 discordibus
815 3715 879 3769 acta
900 3706 1036 3788 phaselos

293 3803 510 3885 Dividuumque
533 3813 637 3869 tenent
659 3806 734 3869 alter
755 3812 786 3869 et
808 3806 992 3877 cheremon,

152 3932 368 3997 nominativum
391 3933 473 3996 illum
495 3946 528 3998 ut
550 3945 614 3998 ceto
624 3935 756 4017 phaselos
771 3936 869 3998 minus
885 3939 1071 4015 expectatum
1085 3932 1156 3995 inici
1171 3950 1295 3995 moneor

152 4034 263 4114 quippe
285 4033 322 4096 ad
336 4052 425 4114 quern
440 4044 520 4096 orat
532 4034 650 4097 difficile
672 4034 707 4098 ad
730 4034 926 4114 supplendum
949 4033 996 4105 sit,
1018 4051 1086 4095 cum
1109 4038 1210 4093 tamen
1232 4050 1294 4094 non
1336 4084 1339 4090 r

153 4131 324 4213 explicatius
339 4152 366 4195 e.
382 4150 408 4212 g.
432 4133 464 4195 in
479 4133 540 4195 hrt.
556 4133 621 4196 dm.
637 4132 677 4193 ΙΙΙ
693 4131 754 4199 783
777 4132 910 4197 locutum
932 4138 1050 4214 poetam
1073 4149 1138 4193 esse
1161 4130 1293 4193 videam:

253 4243 313 4307 Nec
333 4245 388 4309 tibi
410 4254 497 4328 turpe
518 4253 590 4326 puta
612 4245 735 4320 crinem,
758 4252 791 4307 ut
811 4244 940 4327 Phylleia
962 4253 1066 4318 mater,

296 4343 416 4408 Solvere
439 4352 469 4409 et
490 4345 589 4409 effusis
613 4343 685 4406 colla
707 4344 827 4406 reflecte
847 4344 956 4406 comis:

153 4469 210 4533 hoc
243 4479 287 4533 est
320 4470 415 4534 enim:
448 4482 482 4535 ot
513 4473 595 4536 soluit
619 4479 712 4534 mater
734 4469 871 4550 Plrpllctc.
916 4470 1013 4549 Atque
1046 4467 1170 4530 evolutis
1205 4468 1293 4530 modo

112 4570 114 4574 “
206 4569 286 4621 Birt,
300 4569 329 4615 de
344 4569 486 4616 halleutlcis.
1101 4571 1134 4624 13
