2902 5040
610 283 831 347 ..23-

147 462 252 542 ltaque
274 460 353 524 inter
387 459 460 522 duas
493 457 606 539 puellas
628 459 750 521 omuino
778 476 839 521 nou
868 458 1074 538 distinguitur;
1100 463 1295 542 femineum

148 561 257 622 vulnus
287 567 410 621 rocatur
439 575 534 638 eoque
568 557 691 637 cogitari
717 557 867 640 praeclare
898 558 1045 621 iudicatur
1077 577 1139 621 nou
1165 560 1294 639 gladium

149 658 203 727 sed
227 657 467 721 instrumentum
496 655 616 736 aliquod
637 656 673 718 ad
694 656 832 719 mulieres
854 657 1020 737 pertiuens3
1053 665 1160 738 pecten
1183 667 1228 721 est
1249 661 1295 722 vel

149 756 252 824 radius
276 755 318 819 iu
348 773 408 835 quo
440 771 560 834 pascae
592 755 831 818 narratiunculae
863 755 952 818 cardo
980 763 1128 831 vertatur3
1158 757 1206 820 bic
1239 759 1295 820 sub

150 855 274 923 dimisso
287 853 348 919 telo
363 862 397 915 ut
411 853 501 915 lateat
517 851 721 931 efflagitamus.
767 854 869 934 ltaque
884 854 956 917 baec
970 855 1072 918 nescio
1087 874 1159 918 num
1183 856 1296 938 placeat

149 955 193 1022 rol
218 952 324 1017 similia
351 959 514 1031 temptare:

249 1076 326 1138 Ecce
347 1075 417 1138 lacit
439 1075 545 1137 mediis
573 1083 657 1138 natas
681 1075 792 1138 Orione
820 1075 932 1139 Thebis

249 1175 342 1236 lalcou
364 1173 526 1236 lemineum
549 1174 650 1252 iugulo
673 1174 743 1236 dare
764 1174 872 1237 vulnus
894 1182 997 1255 aperto

250 1273 328 1334 Olim
350 1290 385 1335 ac
406 1271 536 1334 demisso
559 1290 612 1353 per
633 1272 739 1334 inertia
761 1273 866 1334 vellera
894 1272 953 1334 telo

249 1370 308 1432 Pro
330 1370 440 1452 populo
463 1369 603 1433 cecidisse
624 1388 679 1432 suo
708 1387 770 1450 eqs.

150 1487 263 1548 Vellera
290 1504 344 1566 pro
367 1486 431 1547 lana
453 1486 590 1548 dicuntur
612 1485 691 1547 velut
713 1485 781 1547 blct.
805 1485 881 1560 xlv,
904 1486 981 1560 264,
1009 1484 1115 1548 Tibulli
1133 1487 1176 1556 lv,
1192 1487 1222 1560 2,
1240 1489 1297 1559 16;

151 1584 260 1664 cogites
287 1584 375 1646 etiam
401 1583 563 1646 nubeculas
591 1602 666 1664 quae
689 1585 795 1646 vellera
817 1585 900 1646 lanae
930 1586 1072 1661 audiuut3
1100 1602 1198 1665 neque
1221 1585 1297 1647 Pro·

151 1683 305 1764 portianus
334 1681 407 1744 mibi
431 1699 492 1744 uon
518 1682 798 1744 commemorandus
820 1681 903 1744 locus
925 1690 989 1746 esto
1020 1684 1057 1754 V,
1081 1681 1117 1760 3,
1140 1680 1190 1758 34,
1213 1685 1296 1747 cuius

150 1781 308 1845 lectionem
331 1781 562 1843 emendatiorem
585 1780 750 1843 adscribam
772 1780 836 1852 bic,
860 1780 929 1842 alibi
952 1780 1115 1862 explicabo:

254 1892 397 1954 Noctibus
419 1892 551 1954 bibernis
570 1891 732 1953 castrensia
755 1909 845 1971 pensa
873 1891 973 1954 laboro

294 1990 331 2052 ut
353 1989 439 2070 Tyria
460 1990 492 2052 in
514 1990 632 2071 galbeos
654 1990 759 2052 vellera
782 1997 861 2051 secta
886 2008 952 2051 suo.

150 2119 246 2199 Atque
277 2115 349 2177 baec
380 2114 486 2177 vellera
519 2115 625 2178 inertia
654 2114 793 2176 ridentur
819 2113 928 2176 Nasoni
961 2119 1155 2194 anteaquam
1188 2133 1297 2195 perca

150 2217 249 2296 ipsum
282 2213 408 2295 pectinis
441 2214 534 2276 telum
567 2213 751 2275 demittatur.
816 2211 857 2275 [ie
893 2230 951 2273 usu
987 2209 1136 2294 κερκίδος
1174 2214 1297 2276 consule

151 2309 302 2378 Scheideri
335 2311 463 2375 indicem
496 2311 533 2373 ad
570 2310 728 2392 scriptores
765 2329 822 2372 rer.
856 2318 930 2372 rust.
968 2327 996 2391 p.
1029 2310 1090 2372 370
1119 2331 1163 2392 sq.
1217 2313 1297 2374 Solet

152 2411 273 2494 quidem
303 2406 393 2473 scribi
419 2411 564 2472 demittere
591 2413 637 2482 in3
671 2410 722 2470 sed
753 2408 831 2472 enim
861 2409 897 2471 ad
919 2409 1148 2471 monstrandum
1181 2409 1297 2471 radium

151 2511 210 2573 huc
232 2509 300 2571 illuc
327 2527 379 2589 per
405 2507 503 2570 lanam
527 2515 646 2569 euntem
666 2526 722 2587 per
750 2508 851 2569 vocula
881 2507 967 2570 unice
994 2515 1062 2588 apta
1091 2507 1156 2570 luit.
1200 2509 1297 2589 Atque

152 2609 255 2671 eadem
271 2608 372 2670 rocula
386 2606 418 2669 in
433 2605 663 2668 llalieuticorum
679 2606 743 2668 loco
766 2624 782 2667 a
799 2625 857 2686 quo
881 2607 1032 2686 proiectus
1054 2624 1153 2669 sermo
1170 2615 1215 2670 est
1237 2607 1297 2668 lar-

152 2707 291 2788 giendum
306 2705 433 2767 fortasse
448 2703 505 2766 erit
519 2703 695 2785 scriptorem
712 2703 926 2784 aliquantulum
944 2698 1060 2766 leuiisse
1077 2704 1244 2766 molestiam
1268 2712 1297 2766 et

152 2820 372 2885 compensasse.
418 2803 555 2866 Ceterum
577 2802 615 2863 de
637 2809 734 2863 morte
757 2801 883 2864 filiarum
900 2801 1019 2864 Orionis
1042 2802 1067 2864 si
1084 2802 1210 2884 Hauptio
1227 2820 1296 2884 per-

151 2903 275 2966 suadere
308 2901 493 2982 aliquatenus
526 2899 707 2983 potuissem,
742 2900 842 2962 minus
874 2900 1000 2962 fortasse
1037 2901 1192 2983 puniisset
1226 2919 1296 2962 eum

151 3000 312 3082 particulae
345 3009 429 3082 cipue
465 2997 500 3060 ab
530 2997 616 3060 initio
650 2998 795 3060 enuntiati
828 3006 959 3060 remotae
998 3000 1167 3079 exemplum
1200 3015 1296 3061 uuum

152 3101 232 3181 quod
266 3099 297 3161 iu
331 3097 544 3178 expolitissimo
577 3105 691 3176 prostat
724 3095 856 3157 carmine
890 3098 952 3158 brt.
982 3097 1048 3160 Am.
1072 3097 1126 3170 lll,
1150 3095 1222 3168 282,
1245 3096 1296 3159 ubi

153 3216 248 3278 paene
276 3195 419 3277 suspicari
449 3212 521 3275 eque
549 3210 611 3256 non
640 3192 769 3257 debebat
799 3195 841 3255 vir
863 3194 1043 3257 clarissimus
1070 3194 1206 3274 (Obserr.
1231 3195 1294 3257 crit.

152 3314 215 3376 pag.
238 3295 304 3374 52).

236 3407 272 3468 ln
298 3404 531 3468 Halieuticorum
561 3422 587 3465 v.
606 3404 647 3465 66
678 3403 850 3467 adverbium
872 3404 930 3466 bic
951 3403 1027 3466 mim
1051 3405 1140 3466 modo
1163 3404 1295 3485 positum

152 3512 196 3567 eet
229 3511 264 3566 ut
291 3503 360 3584 quid
389 3503 569 3583 significaret
600 3502 689 3566 rixari
723 3503 916 3583 altercarique
948 3510 1072 3586 possent
1106 3503 1294 3584 interpretes.

152 3602 301 3665 lielaberis
324 3620 393 3663 vero
416 3601 448 3663 ni
464 3602 548 3664 fallor
563 3621 599 3666 eo
614 3609 647 3662 ut
668 3601 706 3662 in
727 3601 784 3662 lris
807 3601 851 3661 vel
875 3603 976 3666 inter
997 3603 1065 3664 bos
1080 3601 1295 3682 interpreteris.

154 3701 242 3775 Quod
273 3701 405 3763 alienum
429 3700 566 3764 videlicet
580 3702 616 3763 ab
632 3702 735 3765 Ouidio
759 3710 813 3765 est.
857 3702 994 3763 Fortasse
1014 3699 1079 3761 bico
1101 3700 1200 3780 potius
1223 3698 1297 3761 scri·

151 3798 220 3862 bere
242 3817 333 3861 ausus
355 3807 442 3879 poeta
464 3805 519 3861 est.
563 3799 675 3863 Deinde
687 3802 820 3881 suspicor
835 3799 962 3861 voluisse
984 3797 1082 3859 dicere
1103 3798 1294 3878 scriptorem:

149 3901 314 3978 permesior
333 3897 423 3960 bonos
449 3907 477 3959 ct
502 3898 595 3979 plomb
622 3902 716 3962 lacior
742 3915 881 3980 equorum
908 3931 951 3941 --
972 3895 1083 3976 quibus
1109 3903 1211 3958 tamen
1237 3896 1295 3957 illi·

151 3995 290 4058 beraliter
313 4014 415 4057 versus
436 3995 634 4076 repugnabat!
678 3998 764 4072 Quod
786 4003 885 4059 autem
913 3993 1080 4075 insequitur
1101 3997 1203 4056 nadair
1226 3995 1295 4074 pol·

151 4112 229 4156 mom
253 4112 353 4174 capere
378 4094 424 4156 aio
453 4095 571 4173 quidem
601 4095 676 4158 male
699 4096 818 4168 babere,
840 4094 950 4175 quippe
979 4111 1047 4155 cum
1069 4092 1178 4156 animis
1205 4110 1294 4154 nemo

150 4192 236 4254 facile
263 4209 406 4254 coronam
429 4194 679 4274 prehenderit-
707 4194 824 4256 llriouis
846 4193 936 4256 modo
962 4191 1153 4254 reminiscere
1175 4190 1294 4271 capien-

151 4290 190 4354 tis
206 4307 346 4353 coronam
367 4291 447 4354 Fast.
468 4291 505 4366 ll,
527 4313 553 4354 v.
578 4293 637 4354 105
653 4327 708 4366 -,
742 4293 793 4354 sed
815 4291 987 4355 subveniam
1014 4298 1118 4372 poetae
1139 4289 1294 4351 commoda

152 4389 331 4453 mutatione:
