2902 5040
619 313 838 377 ..49-

152 490 321 551 luxuriante
353 488 510 550 nominum
544 489 769 551 enumeratione
803 490 880 550 inlra
907 489 1051 551 molestus
1081 492 1208 572 scriptor
1233 510 1298 556 esso

152 597 275 668 pergat3
313 588 434 648 nomina
467 586 548 647 enim
578 588 664 666 ponit
686 605 747 648 non
771 588 872 648 minus
896 586 1076 649 octodecim!
1114 590 1158 650 hd
1181 589 1299 654 Lucreti

152 705 197 747 vv.
216 687 241 748 ll
258 685 319 746 759
335 694 365 747 et
381 686 403 745 V
419 685 481 744 440
505 687 757 765 comparationem
774 687 820 747 vix
839 694 884 747 est
906 687 984 765 quod
1001 687 1122 748 voceris.
1159 689 1298 752 Ceterum

153 795 257 847 crescet
277 784 323 845 bis
354 783 442 845 scribi
473 784 535 845 lere
562 785 763 846 necessarium
789 785 860 858 luit,
890 785 981 864 inque
1002 804 1030 846 r.
1053 783 1114 846 399
1138 787 1298 850 Vossianus

155 882 283 943 maxime
305 881 381 942 liber
402 883 584 961 sequendus;
607 883 740 945 cernitur
762 893 861 944 autem
885 902 1002 944 summa
1024 883 1180 947 insolentia
1203 887 1294 967 scrip·

154 982 229 1044 toris
251 983 340 1042 altera
363 1001 420 1061 qua
439 981 610 1062 pudibundo
630 983 764 1044 ruborem
794 982 993 1044 construxerit
1015 984 1050 1044 ad
1073 983 1298 1046 similitudinem

154 1089 322 1142 structurae
338 1080 563 1159 etymologicae:
582 1083 695 1160 pudens
706 1083 856 1161 pudorem.
893 1081 1065 1160 Purpureus
1081 1082 1177 1161 pudor
1192 1083 1300 1145 dicitur

155 1199 189 1241 ex
213 1179 377 1240 imitatione
394 1178 479 1240 Ovidi
493 1179 559 1240 Am.
574 1180 586 1240 l
603 1179 632 1252 3,
652 1181 705 1255 14;
728 1180 754 1240 ll
770 1180 799 1252 5,
815 1178 856 1239 34
872 1178 921 1254 (cl.
934 1179 1053 1242 hnthol.
1069 1180 1118 1241 lat.
1134 1181 1212 1242 Ries.
1228 1181 1300 1256 217,

155 1276 198 1354 3).
235 1278 296 1338 lam
318 1295 388 1338 vero
404 1286 562 1357 postquam
578 1278 734 1340 tersionem
750 1278 849 1340 locum
871 1277 963 1338 istum
978 1277 1136 1355 legendum
1154 1279 1299 1355 dedimus,

154 1376 185 1436 in
209 1375 305 1454 ipsam
328 1374 398 1436 artis
429 1394 485 1455 qua
515 1376 714 1456 compositum
741 1376 821 1437 istud
849 1392 968 1436 carmen
997 1375 1035 1436 sit
1066 1377 1299 1441 observationem

156 1473 363 1535 incumbamus
394 1474 494 1535 nescio
523 1492 595 1536 num
623 1475 787 1553 planiorem
817 1492 854 1534 an
878 1474 1040 1552 graviorem
1063 1493 1199 1555 quaeque
1222 1476 1300 1556 quod

156 1572 319 1651 Hauptium
342 1570 416 1650 lngit
444 1571 532 1633 limae
554 1574 686 1652 poeticae
709 1571 932 1633 observatorem
954 1572 1134 1650 singularem
1159 1594 1302 1638 nonnun÷

156 1690 246 1752 quam
270 1668 349 1731 aliud
372 1670 465 1748 egisse
493 1671 537 1731 vir
559 1690 696 1733 summus
727 1688 794 1731 cum
819 1669 946 1733 Culicem
978 1672 1079 1732 ederet
1102 1670 1225 1735 dicetur.
1270 1677 1302 1737 ld

155 1771 237 1832 enim
262 1768 347 1829 istius
362 1777 466 1848 poetae
481 1769 626 1832 vocalium
642 1769 857 1830 conlidentium
872 1769 972 1829 odium
995 1769 1053 1830 luit
1075 1778 1109 1831 ut
1124 1771 1302 1853 synaloepha

155 1869 330 1932 abuteretur
351 1866 499 1928 rarissime
523 1854 620 1948 neque
641 1868 694 1929 ubi
723 1866 900 1928 abutebatur
930 1867 996 1928 elidi
1026 1869 1137 1930 sineret
1164 1869 1221 1931 nisi
1250 1890 1304 1932 vo-

155 1967 251 2029 calem
275 1965 430 2025 brevem.
475 1965 562 2028 Nunc
583 1985 652 2027 vero
682 1984 742 2028 non
770 1965 872 2045 paucis
901 1965 974 2026 locis
1002 1965 1090 2027 etiam
1118 1967 1221 2047 longae
1250 1970 1304 2030 ab·

156 2073 278 2144 sorptae
300 2063 336 2123 ab
358 2062 534 2143 insequente
557 2064 647 2125 vocali
677 2064 803 2143 syllabae
825 2063 963 2142 leguntur
985 2063 1067 2126 hiatu
1090 2065 1223 2141 duriore3
1252 2070 1303 2146 qni

156 2185 263 2230 versus
284 2173 371 2227 sunt:

282 2276 321 2338 73
346 2277 471 2355 Otiaque
493 2274 601 2336 invidia
625 2275 781 2354 degentem
804 2292 838 2335 ac
859 2273 963 2335 fraude
983 2280 1098 2335 remota

264 2376 323 2437 140
347 2374 422 2436 llicis
445 2383 475 2434 et
497 2373 598 2452 nigrae
621 2381 649 2434 et
672 2372 786 2452 species
810 2372 937 2434 Lethaea
960 2391 1118 2452 cupressus

262 2474 323 2534 245
346 2473 412 2534 Otia
436 2479 614 2552 quaerentes
637 2471 746 2532 frustra
770 2470 885 2544 situlae,
907 2470 948 2531 ite
970 2471 1083 2551 puellae

262 2571 324 2634 248
346 2573 443 2651 Atque
466 2570 537 2633 alias
559 2569 615 2630 alio
639 2570 744 2630 densas
768 2587 875 2648 supero
898 2570 1013 2650 agmine
1038 2578 1151 2632 turmas

261 2670 323 2732 266
346 2669 521 2732 Femineum
543 2668 713 2747 incorrupta
737 2668 825 2728 decus
848 2675 957 2739 manet,
981 2676 1011 2728 et
1032 2669 1136 2748 procul
1158 2670 1205 2730 illa

263 2768 324 2830 272
348 2767 409 2830 Nec
430 2767 532 2828 timuit
554 2766 770 2846 Phlegethonta
793 2767 941 2827 furentem
964 2767 1137 2828 ardentibus
1161 2768 1248 2829 undis

263 2867 324 2928 279
347 2866 457 2928 Blanda
481 2885 552 2927 voce
575 2885 688 2946 sequax
708 2865 861 2944 regionem
883 2865 1031 2927 insederat
1054 2865 1163 2946 Orphei

263 2963 324 3026 380
348 2965 384 3025 Et
406 2964 578 3026 tamenestsi
602 2964 685 3024 audis
708 2963 841 3025 dimittes
864 2963 963 3024 omnia
988 2963 1085 3026 ventis

264 3062 325 3124 393
349 3063 540 3124 Gramineum
565 3070 597 3123 ut
619 3062 704 3124 viridi
727 3062 841 3123 foderet
864 3062 900 3123 dc
922 3061 1049 3141 caespite
1071 3071 1191 3124 terram.

161 3175 235 3242 Vide
259 3199 349 3260 quam
376 3179 551 3258 inprospere
579 3197 643 3239 rem
673 3177 796 3257 gesserit
817 3176 973 3238 bominum
996 3176 1236 3240 doctissimorum
1260 3196 1307 3238 sa-

160 3279 282 3358 gacitas.
320 3278 438 3339 Scilicet
460 3296 530 3338 casu
551 3276 662 3338 lactum
686 3295 753 3338 esse
775 3275 842 3355 quis
866 3276 966 3337 credet
988 3275 1067 3354 quod
1091 3295 1193 3337 versus
1216 3277 1255 3337 illi
1277 3276 1309 3339 iu

161 3376 246 3440 libris
270 3376 479 3455 manuscriptis
496 3394 601 3436 omnes
616 3375 678 3436 lere
701 3375 738 3436 ad
762 3392 856 3435 unum
874 3393 911 3434 se
934 3375 1063 3436 ollerunt
1084 3373 1168 3435 nitidi
1191 3383 1220 3436 et
1243 3375 1309 3455 puri

162 3484 192 3538 et
216 3474 313 3536 hiulca
341 3474 476 3535 lectionis
500 3473 633 3535 molestia
662 3469 770 3535 liberi?
806 3471 897 3550 Igitur
924 3473 1136 3534 recurrendum
1160 3473 1195 3534 ad
1218 3474 1310 3535 libros

163 3574 220 3635 erit
243 3572 447 3652 utendumque
469 3571 503 3632 ad
528 3590 625 3633 veram
653 3572 811 3633 lectionem
836 3571 879 3633 via
901 3571 1036 3632 rectiore.
1082 3571 1309 3633 Restitnendum

163 3673 194 3733 in
219 3690 246 3731 v.
264 3670 303 3730 73
326 3691 342 3732 e
365 3669 440 3731 libro
465 3669 597 3742 nranime-
614 3670 772 3732 Vossiano:

369 3780 496 3860 Otiaquc
518 3780 690 3843 invidiae
712 3782 872 3862 degentem
894 3779 1032 3842 fraude
1053 3791 1211 3859 remota;

166 3896 198 3957 in
222 3915 250 3956 v.
269 3894 330 3956 149
352 3893 403 3955 uhi
425 3892 567 3954 uaditum
591 3902 650 3956 est:

367 3990 444 4054 llicis
468 3999 498 4053 et
521 3991 622 4070 nigrae
645 3993 758 4072 species
781 4001 811 4054 et
832 3993 907 4054 laeta
929 4010 1098 4072 cupressus,

166 4104 313 4184 scriptum
337 4104 425 4184 plane
446 4103 561 4164 luerat:

369 4216 445 4278 llicis
469 4223 499 4277 et
521 4217 623 4296 nigrae
644 4218 758 4296 species
781 4236 838 4278 nec
858 4217 933 4278 lacta
957 4234 1124 4298 cupressus,

168 4327 198 4390 id
220 4328 279 4390 e'st:
309 4336 340 4389 et
361 4329 455 4390 tristis
477 4347 650 4409 cupressus3
678 4330 755 4390 sicut
777 4349 801 4391 e.
819 4347 847 4408 g.
890 4330 1062 4409 Propertius
1078 4329 1117 4389 ΙΙΙ
1133 4326 1183 4401 28,
1200 4326 1241 4388 52
1263 4344 1315 4388 nec

165 4427 258 4507 probo
274 4427 411 4507 Pasiphae
434 4446 503 4508 pro:
525 4437 556 4489 et
570 4428 704 4509 improba
721 4427 875 4508 Pasiphae.
910 4428 1009 4489 Genus
1025 4435 1122 4489 autem
1139 4425 1195 4486 boc
1211 4442 1315 4488 emen·

198 4525 290 4578 Birt,
304 4524 334 4568 do
348 4525 493 4570 halieuticis.
1140 4528 1157 4580 4
