2902 5040
577 340 617 358 ·-
667 311 731 378 tat
777 346 821 358 —

125 487 198 550 sisse
228 487 397 550 auctoribus
426 489 586 568 putabitur.
640 490 743 570 Neque
772 489 820 551 his
850 489 910 550 veri
941 489 1052 569 species
1079 490 1269 572 derogabitur

125 594 160 648 eo
190 587 271 668 quod
300 587 467 667 exemplum
498 604 633 666 graecum
664 588 734 669 quid
765 587 856 650 fuerit
885 589 971 668 plane
1001 589 1160 651 ostendere
1190 597 1267 652 tem·

125 702 232 766 porum
253 686 357 748 iniuria
386 703 447 747 non
466 689 620 750 concessit.
662 689 768 749 Poetas
790 688 869 749 enim
890 687 1010 768 quidem
1038 687 1266 751 Halieuticorum

125 802 244 862 graecos
268 786 404 848 novimus
420 786 561 866 quinque,
584 788 749 850 carminum
764 786 897 867 ipsorum
909 785 1007 848 'unum
1022 793 1148 860 tantum,
1171 804 1267 868 neque

124 884 196 946 adeo
213 885 277 946 eius
292 885 347 946 nisi
365 885 571 949 coniectariam
585 886 756 966 imaginem.

209 986 305 1065 Atque
317 986 543 1049 Archestrati
556 980 712 1084 lubionum
724 993 754 1046 et
764 983 1002 1064 opsophagorum
1015 983 1134 1046 Hesiodi
1145 979 1266 1067 χρύσεα
1331 990 1335 999 ’

123 1079 187 1164 ἔπη
204 1083 304 1146 minus
321 1103 401 1159 curo,
423 1104 498 1164 quae
513 1086 736 1167 γαστρονομία
751 1083 796 1144 vel
810 1080 1029 1160 decovoloyle
1043 1085 1078 1145 ad
1095 1084 1265 1164 piscationis

122 1190 215 1243 artem
242 1201 303 1244 non
329 1184 433 1246 attinet
460 1185 517 1245 nisi
544 1184 622 1264 quod
645 1184 718 1245 alios
743 1182 868 1243 fortasse
894 1181 983 1243 talem
1007 1189 1041 1245 ut
1056 1183 1265 1245 substiterent

121 1279 262 1343 invitavit.
296 1283 433 1344 Ennius
455 1292 553 1345 autem
576 1290 663 1362 poeta
679 1300 745 1343 cum
770 1280 927 1360 metropoli
949 1280 996 1343 illa
1013 1281 1171 1361 Epicureae
1194 1283 1265 1344 doc-

122 1379 216 1441 trinae
231 1399 321 1461 quam
337 1382 516 1463 Chrysippus
540 1383 655 1444 dicebat
678 1382 770 1443 ditare
792 1380 950 1461 imperium
966 1380 1131 1443 Romanum
1154 1383 1265 1444 consti-

120 1478 235 1554 tuisset,
262 1480 435 1543 Saturarum
462 1500 583 1544 suarum
613 1489 725 1561 partem
749 1479 985 1560 lleduphagetica
1008 1480 1113 1542 fecisse
1140 1489 1169 1542 et
1196 1499 1263 1541 cum

120 1577 188 1640 libri
202 1587 367 1641 saturarum
384 1589 434 1643 aut
450 1588 591 1661 quattuor
604 1581 731 1643 luissent
746 1587 797 1642 aut
818 1598 868 1640 sex
884 1578 1038 1640 autetiam
1053 1580 1153 1659 plures
1168 1598 1263 1643 uuum

120 1675 228 1739 librum
244 1678 366 1757 plenum
381 1679 416 1740 iis
432 1680 614 1742 concessisse
629 1679 743 1742 facilius
764 1697 818 1759 ego
840 1679 913 1740 mihi
928 1679 1061 1758 persuasi
1077 1696 1167 1759 quam
1183 1679 1262 1759 qnod

120 1775 197 1837 idem
214 1776 249 1837 de
266 1777 405 1857 Scipione
419 1777 565 1841 Vahlenus
587 1780 704 1849 statuit;
731 1798 798 1840 nam
827 1796 951 1859 prorsus
976 1777 1113 1839 similiter
1128 1785 1158 1839 et
1172 1779 1262 1839 Varro

120 1873 290 1955 Menippeus
312 1877 392 1939 inter
416 1877 521 1939 satiras
547 1897 615 1940 suas
642 1897 733 1940 uuam
750 1895 814 1938 esse
829 1877 920 1939 voluit
934 1872 1012 1958 περὶ
1028 1871 1218 1957 ἐδεσμάτων
1233 1885 1263 1937 et

120 1971 261 2036 Horatius
271 1974 333 2036 Cati
348 1976 449 2056 pandit
461 1977 625 2039 doctrinam
638 1978 730 2040 Serm.
743 1976 767 2038 ll
781 1977 808 2038 3.
833 1975 1004 2037 Submoneo
1017 1982 1114 2036 autem
1128 1975 1216 2036 uthis
1229 1976 1259 2037 in

119 2071 206 2135 rebus
221 2092 280 2153 qua
295 2074 428 2137 libertate
443 2077 487 2137 uti
503 2076 626 2137 Romani
642 2076 754 2153 graecis
777 2075 919 2154 exemplis
941 2073 1093 2154 potuerint
1107 2073 1262 2154 intellega-

118 2178 176 2245 tur,
189 2189 226 2232 ne
235 2172 361 2234 Ennium
374 2174 493 2253 quidem
505 2175 822 2236 ederehrchestratum
833 2172 931 2234 latinis
944 2172 1039 2234 verbis
1051 2172 1200 2252 integrum
1214 2192 1262 2234 sa-

118 2269 154 2330 tis
177 2271 326 2345 habuisse,
342 2274 392 2334 sed
410 2273 499 2335 fuisse
516 2273 565 2335 ubi
580 2291 644 2335 rem
659 2273 844 2335 immutaret:
871 2290 938 2335 nam
961 2270 1119 2350 fragmenti
1133 2262 1260 2333 Enniani

118 2367 234 2449 (Apulei
245 2370 327 2451 Apol.
340 2369 393 2450 39)
409 2372 547 2435 undecim
560 2382 652 2434 metra
665 2371 840 2435 continentis
853 2389 1031 2452 quamquam
1043 2390 1092 2432 res
1104 2371 1215 2433 multae
1229 2371 1259 2432 in

117 2466 298 2530 Archestrati
324 2491 443 2551 quoque
469 2473 640 2553 fragmentis
667 2471 785 2552 (Athen.
802 2491 829 2551 p.
848 2469 919 2532 921)
939 2479 969 2531 et
985 2469 1088 2548 atur)
1111 2470 1258 2551 leguntur,

117 2573 217 2629 umen
240 2570 375 2649 helopem
398 2571 510 2651 piscem
527 2573 730 2635 Archestratus
753 2571 871 2652 quidem
904 2569 1042 2632 docuerat
1068 2570 1178 2632 clarum
1204 2571 1259 2633 ba·

117 2665 180 2728 beri
196 2668 347 2747 Syracusis
364 2668 482 2748 (Athen.
501 2669 561 2732 300
569 2671 615 2750 E),
638 2678 741 2732 contra
756 2669 870 2731 Ennius
886 2689 912 2730 v.
929 2669 963 2730 4.·
984 2669 1121 2731 Surrenti
1132 2669 1257 2752 helopem

116 2766 164 2844 foc
186 2785 272 2838 emus,
300 2769 377 2848 opud
395 2767 499 2831 Comus
518 2769 662 2850 glaucum.
680 2769 767 2847 ,ltem
790 2768 952 2847 apriculum
967 2768 1171 2832 huchestratus
1187 2787 1256 2849 cap-

117 2871 181 2925 tum
202 2866 546 2931 Ambraciaeemendum
568 2868 640 2931 dixit
666 2864 727 2930 κᾶν
754 2863 926 2950 ἰσόχρυσος
949 2864 984 2950 ἔρ
1008 2852 1256 2946 (Athenaeus),

116 2961 312 3027 Tarentinum
321 2966 448 3040 Ennius3
466 2968 536 3030 item
552 2986 669 3030 scarum
678 2965 1007 3046 ChalcedoneByzantii
1018 2965 1127 3046 Ephesi
1139 2965 1255 3037 (Athen.

33 3101 38 3112 ·
115 3061 209 3123 stou
226 3071 257 3125 et
270 3065 307 3144 Α)
329 3066 411 3138 alter,
439 3066 514 3128 alter
527 3067 652 3130 Nestoras
678 3066 717 3128 od
733 3070 874 3149 speeiem.
904 3066 1036 3128 Duorum
1052 3074 1151 3127 autem
1169 3065 1254 3146 oppi-

115 3163 221 3227 dorum
258 3163 463 3228 conlusioncm
502 3165 641 3229 accidisse
682 3165 778 3231 Ennio
816 3165 847 3227 in
891 3165 947 3226 hac
982 3182 1122 3226 vemuum
1159 3173 1255 3243 strage

115 3264 306 3328 crediderim:

215 3377 361 3439 Omnibus
377 3385 411 3439 ut
426 3376 531 3457 Clypea
546 3385 676 3458 praestat
692 3378 818 3439 mustela
833 3375 945 3438 marina

214 3477 311 3539 Mures
327 3486 398 3539 sunt
412 3476 485 3538 Aeni
501 3496 603 3557 aspera
619 3486 715 3540 ostrea
729 3476 857 3557 plurima
871 3475 974 3556 Abydi,

213 3574 367 3654 Mytilenae
383 3584 427 3638 est
442 3586 549 3656 pecten
565 3577 778 3657 caradrumque
794 3577 870 3656 apud
887 3573 1038 3637 umbracie
1053 3573 1137 3649 lines,

213 3674 362 3736 Brundisii
376 3692 480 3754 sargus
495 3675 593 3738 bonus
608 3684 669 3738 est:
684 3677 766 3739 bunc
781 3694 903 3754 magnus
918 3674 943 3736 si
958 3673 1022 3748 erit,
1038 3692 1132 3737 sume.

112 3817 227 3891 Quibus
243 3837 310 3879 cum
326 3837 428 3898 graeca
442 3822 641 3900 respondeant
656 3821 728 3883 haec
743 3820 859 3898 (Athen.
876 3818 973 3899 92D):

212 3928 287 4003 τούς
308 3930 370 4012 μῦς
396 3916 508 4004 Αἶνοςι
523 3929 590 4010 ἔχει
612 3929 785 4013 μεγάλους,
809 3928 942 4014 ὄστρεια
962 3926 995 3993 d’
1011 3927 1163 4010 Ἄβυδος,

212 4028 269 4101 τὰς
293 4026 591 4111 ἄρκαοαςΠάριον,
614 4029 690 4105 τούς
712 4031 750 4094 δὲ
771 4033 884 4104 κτένας
906 4026 927 4114 ἡ
951 4025 1133 4112 Μιτυλήνη·

213 4127 388 4201 πλείστους
424 4124 458 4190 d’
491 4124 675 4212 Ἀμβρακία
712 4132 848 4213 παρέχει
892 4129 959 4191 καὶ
987 4126 1140 4191 utura
1175 4122 1247 4208 μετ’
1307 4124 1310 4129 ’

1010 4247 1117 4289 avemo

111 4352 163 4420 lita
180 4353 259 4414 euim
277 4353 445 4416 dubitanter
459 4353 572 4432 scripsi,
592 4362 637 4414 est
650 4352 729 4414 enim
744 4351 835 4426 πλώς
850 4353 939 4434 piscis
951 4351 1006 4445 alio
1018 4351 1139 4412 nomine
1151 4351 1247 4412 dictus

110 4447 274 4561 escapedcss
291 4444 429 4532 mugilem
441 4451 581 4515 autem'in
593 4452 782 4515 Archeshato
793 4453 882 4514 simul
897 4453 960 4533 lego
972 4451 1117 4532 optimum
1128 4459 1246 4529 captum
1336 4527 1340 4535 .
