2902 5040
673 327 870 390 ..4-

202 506 353 568 tationem.
385 504 443 565 Sed
455 504 526 565 haec
538 503 649 575 eadem,
674 504 752 583 quod
766 504 813 564 vix
835 521 1033 582 speraveram,
1055 505 1090 565 ad
1103 504 1197 583 ipsam
1209 512 1342 566 nostram

202 604 407 685 quaestionem
431 602 467 663 ab
492 621 526 662 eo
549 602 687 681 adplicari
709 602 760 663 ubi
792 602 899 663 certior
920 603 1015 663 laetus
1044 623 1120 675 sum,
1149 603 1257 665 certius
1280 604 1344 664 fae-

201 711 266 764 tum
289 701 388 780 potius
412 720 511 762 meum
535 701 607 761 mihi
630 701 772 763 indicium
800 708 844 762 est
872 720 969 780 neque
997 719 1178 781 suspensum
1208 700 1346 781 probavi·

202 820 261 880 que
284 800 364 879 quod
388 807 488 862 contra
512 799 594 861 illum
616 799 746 861 libellum
769 800 931 862 iudicatum
954 800 990 860 ab
1013 800 1144 861 Hartelio
1167 801 1224 861 vidi
1244 801 1274 861 in
1298 801 1344 861 Zs.

201 899 221 960 f.
247 899 274 959 d.
304 904 376 959 dstr.
401 898 538 978 Gymnas.
565 897 646 960 1866
673 918 701 978 p.
726 897 797 969 334,
828 899 959 978 seposito
990 898 1066 959 Plini
1095 899 1265 961 testimonio
1293 917 1344 959 eo-

202 998 295 1077 gitare
317 997 405 1057 licere
429 994 600 1058 etiamnunc
622 997 659 1059 de
680 996 829 1058 imitatore
852 996 947 1057 Ovidi.
977 1031 1019 1041 —
1052 997 1114 1057 lam
1144 1015 1213 1059 vero
1240 998 1346 1076 dispu-

202 1096 348 1157 tationem
365 1094 508 1172 Zingerlei
529 1101 558 1154 et
572 1095 735 1156 auctiorem
760 1102 788 1156 et
809 1095 1004 1173 patentiorem
1028 1095 1173 1174 inspicere
1196 1096 1273 1167 licet,
1294 1114 1346 1156 re-

202 1202 316 1274 ceptam
340 1194 370 1254 in
393 1193 596 1254 collectionem
620 1193 667 1255 cui
690 1193 842 1272 inscripsit
863 1193 966 1254 llleine
988 1193 1088 1274 philol.
1110 1193 1345 1272 Abhandlungen

202 1293 236 1363 ll,
261 1294 288 1352 1.
334 1291 449 1354 Videbis
472 1291 560 1353 etiam
585 1293 778 1372 appendicem
806 1293 948 1354 adnexam
971 1292 1008 1353 ab
1031 1312 1066 1353 eo
1094 1311 1161 1353 esse
1188 1293 1259 1354 satis
1287 1293 1347 1352 lar-

203 1410 268 1470 gam
296 1391 329 1451 in
357 1409 414 1471 qua
446 1424 489 1434 —
522 1399 700 1469 cognoverat
727 1391 806 1452 enim
836 1409 947 1451 novum
974 1410 1023 1452 me
1044 1390 1101 1451 sibi
1124 1409 1188 1452 esse
1211 1391 1347 1452 adversa-

204 1488 281 1551 rium
297 1523 338 1534 -
360 1489 500 1551 metricae
517 1489 588 1551 artis
612 1490 807 1551 differentiam
824 1489 908 1569 siqua
931 1489 968 1550 sit
984 1491 1106 1551 omnino
1130 1490 1229 1551 minus
1252 1490 1348 1550 valere

204 1589 356 1650 adseverat
386 1606 474 1667 quam
503 1588 645 1651 orationis
674 1589 858 1650 observatam
885 1589 1034 1669 quandam
1065 1588 1110 1649 vel
1140 1587 1348 1667 cognationem

206 1687 250 1748 vel
263 1686 497 1748 similitudinem.
528 1687 680 1749 Metricam
696 1687 753 1748 iam
769 1687 816 1748 hic
831 1705 895 1748 rem
910 1696 1071 1749 retractare
1086 1687 1236 1766 displicet3
1252 1684 1348 1746 claudi

206 1785 284 1847 enim
319 1793 562 1864 argumentorum
598 1804 703 1864 agmen
737 1785 849 1847 iuvabit
881 1787 1068 1847 firmissimis.
1123 1783 1347 1845 immorandum

204 1884 339 1962 quamvis
361 1884 489 1945 breviter
511 1883 566 1945 erit
588 1885 619 1945 in
642 1884 785 1946 orationis
814 1884 860 1945 illa
885 1885 1059 1963 cognatione
1083 1901 1158 1963 quae
1188 1901 1255 1943 eum
1278 1899 1348 1943 vero

205 1981 308 2042 Ovidio
332 1983 379 2056 sit,
403 1983 526 2062 utquid
551 1982 642 2044 valeat
665 2003 697 2045 ea
721 1983 846 2044 sentias'
883 1981 996 2044 Accidit
1018 1982 1098 2043 enim
1116 1981 1266 2042 defensori
1281 1980 1348 2059 quia

206 2079 327 2141 omnino
361 2099 423 2141 non
456 2081 582 2143 habebat
616 2089 718 2144 contra
752 2101 841 2162 quem
869 2088 1016 2161 pugnaret
1049 2088 1083 2141 ut
1116 2079 1349 2142 considerantiae

204 2197 275 2239 suae
297 2179 454 2258 studioque
478 2180 601 2240 cavendi
623 2181 711 2242 nimis
734 2199 855 2260 parcere
878 2181 1008 2252 auderet,
1031 2180 1160 2258 probans
1183 2179 1212 2239 id
1229 2178 1348 2259 quidem

206 2277 280 2338 nihil
301 2297 366 2338 esse
389 2296 441 2339 cur
464 2278 546 2338 Grati
569 2297 634 2339 esse
659 2278 819 2339 Halieutica
843 2286 1043 2339 statueremus
1068 2282 1107 2357 (p.
1133 2279 1172 2338 35
1185 2280 1273 2355 sqq.)‚
1297 2296 1351 2336 oe-

205 2383 303 2437 terum
328 2375 404 2436 serio
432 2376 550 2436 irruens
577 2375 609 2435 in
638 2376 836 2437 adversarium
865 2376 948 2436 illum
978 2375 1013 2436 ah
1042 2375 1170 2454 Hauptio
1199 2375 1246 2434 vix
1273 2375 1350 2435 serio

205 2473 308 2533 lictum
330 2471 381 2551 qui
403 2473 545 2533 amissum
568 2472 651 2533 Ovidi
674 2491 792 2533 carmen
816 2473 942 2534 erluini
965 2492 1021 2552 ope
1043 2473 1187 2534 refectum
1210 2492 1226 2533 a
1248 2479 1350 2551 poste-

207 2572 286 2632 riore
314 2571 434 2632 homine
462 2590 527 2632 esse
556 2571 735 2650 opinaretur.
792 2570 876 2633 llicit.
912 2571 998 2643 Quod
1026 2578 1126 2633 tamen
1155 2572 1191 2632 ad
1220 2589 1267 2631 me
1295 2570 1352 2631 hoc

206 2671 271 2731 loco
294 2687 356 2730 non
379 2670 543 2749 pertineret
565 2670 622 2730 nisi
644 2669 794 2749 pertinere
818 2669 852 2729 ad
878 2687 924 2729 me
948 2668 992 2729 vir
1011 2670 1115 2730 doctus
1138 2669 1169 2730 in
1191 2668 1351 2749 appendice

206 2768 350 2830 iussisset.
395 2769 488 2847 Igitur
510 2769 673 2830 audiamus.
718 2767 823 2829 Ovidio
847 2767 920 2847 eripi
943 2767 1104 2830 Halieutica
1133 2787 1220 2848 posse
1243 2785 1351 2847 perne-

208 2875 257 2945 gat
282 2867 360 2927 hanc
386 2885 532 2927 summam
561 2875 682 2946 propter
711 2886 827 2928 causam
857 2866 926 2945 quia
960 2874 988 2927 et
1016 2886 1070 2927 sua
1099 2867 1186 2928 verba
1218 2873 1353 2946 repetere

208 2983 322 3026 amasse
347 2963 483 3025 Ovidium
507 2972 624 3026 constet
652 2973 680 3026 et
703 2983 809 3026 novem
838 2965 900 3026 fere
922 2964 953 3025 in
983 2965 1055 3044 ipsis
1082 2965 1248 3026 Halieuticis
1281 2966 1353 3024 llos-

209 3063 267 3124 euli
290 3061 422 3122 Ouidiani
444 3063 639 3142 reperiantur.
685 3063 885 3144 Comparanda
907 3063 1064 3143 proponit:

208 3222 271 3284 Hal.
295 3221 349 3283 78:
373 3222 416 3283 Et
439 3240 540 3283 nunc
563 3222 724 3284 demisso
748 3232 938 3302 quaerunt
959 3225 1122 3305 vestigia
1143 3232 1352 3285 rostrorum

251 3321 320 3381 Met.
342 3320 363 3392 Ι,
388 3318 464 3380 536;
488 3329 522 3381 et
544 3328 700 3381 extento
722 3322 881 3400 stringit
902 3323 1060 3402 vestigia
1084 3331 1219 3384 rostro.

210 3454 272 3515 Hal.
296 3455 330 3514 δε
360 3453 416 3514 sic
438 3455 560 3515 evolat
589 3454 667 3515 ales
702 3475 768 3516 cum
797 3457 829 3517 A.
859 3456 892 3516 A.
921 3457 956 3531 ΙΙ,
987 3457 1025 3517 19
1060 3457 1194 3536 quibus
1229 3458 1353 3517 avolet

253 3552 331 3614 alas
356 3559 385 3612 et
407 3553 475 3613 liet.
499 3553 519 3624 Ι,
544 3551 620 3614 264;
645 3553 762 3615 Notus
786 3554 911 3616 evolat
933 3555 1011 3616 alis.

211 3686 274 3746 llal.
299 3687 354 3746 54:
378 3695 412 3747 et
435 3686 606 3747 adversis
629 3686 747 3748 infert
770 3706 833 3748 sua
856 3695 1008 3767 pectora
1032 3688 1119 3748 telis
1142 3705 1209 3748 cum
1232 3686 1294 3746 Am.
1319 3686 1353 3758 ll,

184 3837 193 3876 Ι,
256 3784 303 3856 10,
320 3783 375 3844 31:
400 3784 534 3845 lnduat
555 3785 723 3845 adversis
746 3785 934 3847 contraria
957 3793 1108 3867 pectora
1132 3785 1225 3846 telis.

151 3976 155 3984 ,
211 3918 274 3980 Hal.
299 3918 355 3978 59:
378 3919 474 3991 Quid
498 3919 573 3980 nisi
595 3919 745 3999 pondus
767 3920 865 3981 iners
889 3939 956 3982 cum
979 3919 1133 3991 llet.l‚8:
1157 3919 1229 3980 Nec
1251 3919 1354 3998 quic-

254 4037 360 4097 quam
394 4019 469 4079 nisi
502 4019 648 4097 pondus
681 4018 782 4079 iners
816 4026 845 4079 et
877 4018 909 4078 A.
939 4019 971 4079 A.
1006 4019 1053 4092 ΙΙΙ,
1088 4017 1166 4078 220:
1195 4016 1355 4091 Pondus

254 4117 354 4178 iners
378 4117 576 4196 quondam.

213 4246 274 4308 Hal.
298 4245 332 4305 3:
356 4245 424 4317 Qui
448 4247 611 4308 nondum
635 4244 733 4323 gerit
760 4245 797 4306 in
819 4254 948 4307 tenera
977 4246 1047 4307 iam
1071 4260 1207 4304 cornua
1230 4243 1356 4302 fronte
1420 4314 1430 4327 ι

255 4363 323 4405 cum
344 4343 412 4404 Met.
435 4343 494 4416 XV,
518 4343 594 4404 596:
619 4344 767 4405 Cornua
790 4344 914 4405 fronte
937 4343 1035 4422 gerit
1062 4350 1092 4402 et
1114 4341 1203 4400 Trist.
1227 4340 1249 4411 l,
1275 4343 1303 4413 Ι,
1319 4339 1355 4400 8:

255 4460 321 4502 nec
344 4442 449 4520 nigra
472 4461 609 4504 cornua
631 4443 761 4504 fronte
784 4461 901 4522 geras.
