2902 5040
701 290 924 354 „52-

134 501 138 510 ·
235 475 401 530 servaverat
422 466 592 546 impetrare,
613 464 770 526 ridiculum
787 461 987 544 Elpenorem?
1017 464 1128 525 Vellem
1143 465 1179 526 ad
1201 465 1258 527 hoc
1279 472 1381 526 atten-

236 566 351 626 dissent
374 564 501 644 epylb'ou
523 563 574 643 qui
596 562 718 624 fabellas
741 563 833 624 aniles
857 572 886 622 et
908 562 1123 625 nutricrdarum
1146 557 1300 644 μυθάρια
1322 562 1381 623 iam

236 662 412 742 conquirere
434 666 470 723 eri
493 661 666 741 antiquitate
690 679 810 740 quoque
831 669 1036 740 susceperunt.
1080 660 1166 721 Tales
1190 679 1282 740 nugas
1304 679 1381 739 pue-

235 761 305 822 riles
327 780 453 840 puerum
478 759 605 821 maxime
636 760 740 820 decere
763 758 911 820 Maronem
942 757 1076 819 falsarius
1104 759 1218 838 putavit
1244 759 1296 819 sed
1325 759 1380 820 ob·

235 860 383 920 truncavit
406 859 522 932 misere,
545 866 579 919 ut
588 857 714 918 iniceret
729 856 996 936 praemonstrantia
1012 875 1046 917 os
1061 856 1119 917 hoc
1140 856 1276 918 futurum
1293 874 1380 935 gran-

235 958 401 1019 dissimum.
445 955 576 1017 Pastoris
611 956 698 1016 vitam
732 973 785 1016 sua
818 955 874 1015 vita
908 955 1052 1015 cariorem
1081 954 1138 1015 sibi
1167 954 1252 1015 duxit
1279 955 1380 1030 culer;
1432 958 1433 961 ’

231 1055 325 1133 pietas
348 1055 424 1116 valet
452 1054 529 1116 inter
551 1062 713 1133 utrumque
742 1062 772 1114 et
799 1070 854 1132 par
883 1052 1013 1113 officium
1038 1056 1075 1128 (v.
1099 1051 1169 1113 211.
1193 1051 1265 1113 225.
1289 1052 1380 1130 231);

233 1152 423 1214 memorabile
445 1153 562 1214 videtur
590 1153 670 1232 quod
701 1160 731 1212 et
762 1167 854 1212 senex
888 1158 917 1212 et
949 1150 1105 1212 inbecillus
1137 1160 1238 1231 pastor
1272 1151 1380 1213 dicitur

232 1253 272 1328 (v.
300 1250 390 1326 388);
436 1250 657 1312 memorabilius
685 1258 715 1311 et
745 1268 816 1310 sane
853 1267 941 1328 quam
984 1248 1094 1309 mirum
1128 1247 1198 1320 hoc,
1237 1250 1315 1328 quod
1346 1251 1378 1310 in

231 1357 293 1411 tota
315 1367 369 1411 sua
392 1349 525 1411 oratione
547 1349 631 1411 culex
657 1347 807 1408 tumulum
831 1364 892 1407 non
922 1335 1009 1426 plane
1035 1347 1177 1426 postulat,
1206 1347 1257 1407 sed
1287 1347 1377 1409 etiarn

230 1446 307 1526 apud
331 1445 442 1507 inferos
466 1447 617 1508 conscium
641 1454 790 1526 pastorem
807 1445 910 1506 adesse
934 1445 996 1505 vult
1018 1443 1056 1522 (v.
1075 1442 1151 1519 3783
1177 1443 1214 1504 cl.
1229 1444 1298 1506 illud
1319 1464 1379 1525 por

231 1543 360 1624 officium
382 1564 409 1604 v.
427 1543 518 1624 231),
548 1562 727 1624 quamquam
756 1551 856 1622 postea
885 1542 968 1622 quasi
1000 1540 1144 1602 beneficio
1173 1543 1248 1603 laeto
1279 1542 1378 1605 vivere

229 1641 272 1702 illi
295 1641 432 1703 concedit
447 1640 535 1717 (383)
554 1651 582 1703 et
604 1641 776 1703 adornando
803 1641 918 1702 tumulo
934 1639 1019 1701 culici
1041 1647 1190 1719 pastorem
1207 1639 1378 1703 satisfacere

229 1748 316 1820 poeta
338 1740 442 1802 statuit
466 1759 539 1819 „Pro
563 1740 639 1802 vitae
655 1758 779 1800 munere
794 1738 909 1800 funeris
930 1738 1080 1800 officium‘
1097 1737 1193 1818 (414).
1227 1737 1273 1800 Ad·
1292 1759 1376 1802 com-

228 1833 413 1918 parationem
424 1857 496 1900 voco
508 1838 665 1917 anguillam
678 1838 756 1899 illam
768 1837 844 1917 apud
859 1836 1018 1898 Zenobium
1031 1837 1068 1898 lV
1083 1835 1124 1897 64
1136 1854 1212 1915 quae
1224 1856 1239 1898 a
1252 1837 1377 1900 Cissami

229 1936 288 1997 Coo
311 1936 440 1997 debitam
460 1937 661 2000 humationem
684 1936 822 2018 postulat,
844 1943 873 1996 et
894 1936 956 2015 ipsa
973 1935 1050 1996 sicut
1065 1935 1147 1997 culex
1170 1933 1244 2012 (Cul.
1259 1955 1284 1996 v.
1301 1936 1376 2017 183)

229 2034 364 2095 alumnus
386 2035 522 2097 humoris.
567 2035 705 2114 Legimus
730 2034 827 2095 enim:
854 2035 1022 2114 Κίσσαμις
1048 2031 1150 2103 Κῶος·
1179 2025 1272 2105 οὗτος
1294 2029 1375 2117 ἦνὸ

228 2129 517 2214 πολυθρέμμαιος·
540 2128 644 2216 τούτῳ
661 2131 767 2215 φασὶν
785 2128 918 2209 ἔγχελυν
933 2128 1200 2214 ἓπιφαινομένην
1213 2126 1288 2192 κατ’
1305 2129 1377 2206 ἔτος

226 2227 264 2292 τὸ
297 2228 475 2293 κάλλιστον
507 2230 572 2293 τῶν
605 2226 784 2311 προβάτων
817 2223 998 2312 ἁρπάζειν·
1033 2227 1089 2289 καὶ
1121 2227 1181 2290 τὸν
1207 2231 1377 2312 Κίσσαμιν

228 2322 389 2389 ἀνελεῖν
419 2323 558 2411 αὐτήν·
589 2330 847 2410 φαινομένην
878 2324 922 2388 δὲ
949 2321 1055 2410 αὐτῷ
1077 2321 1164 2389 κατ’
1188 2323 1283 2410 ὄναρ
1306 2351 1376 2391 κε-

225 2423 371 2487 λεῦσαι
395 2422 643 2508 καταθάψαι
666 2421 808 2512 coclerio·
837 2423 896 2488 τόν
917 2421 954 2486 δὲ
975 2423 1019 2507 μὴ
1044 2424 1375 2509 φροντίζοντα-παγ-

224 2523 302 2605 νενῆ
324 2518 530 2585 ἀπολέσθαι.
574 2524 676 2603 ltaque
690 2511 855 2604 ‘pleniorne
877 2523 975 2585 fabula
998 2524 1064 2584 talis
1086 2525 1147 2586 fere
1169 2525 1267 2587 fuerat
1291 2529 1373 2599 (nam

225 2638 297 2681 num
320 2622 409 2684 etiam
426 2621 644 2701 complicatione
659 2622 778 2684 subsint
793 2623 911 2684 videant
926 2622 1073 2684 doctiores
1096 2624 1206 2702 quique
1224 2625 1371 2687 variorum

224 2720 402 2799 populorum
425 2720 545 2782 fabellas
569 2718 787 2801 conquirunt)‘l
811 2721 985 2782 Societatem
1005 2721 1134 2782 inierant
1156 2730 1259 2801 pastor
1281 2741 1373 2784 senex

225 2826 255 2877 et
275 2818 359 2879 culex
381 2819 503 2895 animal,
526 2828 706 2880 convenerat
728 2819 809 2880 inter
831 2820 943 2880 amicos
966 2819 1063 2880 vivere
1080 2839 1138 2880 una
1162 2831 1191 2880 et
1215 2836 1272 2882 una
1296 2822 1373 2881 mori

225 2923 254 2975 et
277 2916 353 2977 bona
376 2923 405 2976 et
428 2918 504 2978 mala
525 2934 585 2978 una
600 2917 662 2997 pati
685 2924 714 2978 et
738 2936 827 2997 opem
848 2918 927 2979 ferre
950 2917 1085 2979 invicem.
1119 2917 1180 2979 lam
1204 2926 1284 2979 tutos
1307 2918 1371 2981 dics

222 3013 306 3074 culex
334 3014 472 3093 degebat3
500 3016 615 3077 homini
647 3024 746 3077 autem
776 3016 841 3096 ipse
870 3016 1001 3094 pericula
1022 3016 1248 3095 praenuntiabat
1269 3017 1372 3079 leviter
1430 3086 1432 3090 ,

221 3120 374 3190 pungente
396 3113 508 3175 aculeo.
541 3113 655 3176 Accidit
676 3121 777 3175 autern
802 3131 861 3174 uno
885 3115 983 3194 aliquo
1008 3115 1056 3175 die
1078 3122 1112 3175 ut
1134 3115 1371 3178 obdormisceret

220 3216 328 3288 pastor.
375 3210 449 3271 Eum
481 3211 531 3273 ubi
553 3210 669 3295 fortius,
687 3211 793 3290 punxit
816 3213 947 3274 monitor
970 3213 1067 3275 bonus
1095 3214 1200 3276 misere
1223 3213 1369 3276 contritus

220 3312 309 3386 atque
323 3308 395 3370 adeo
412 3317 546 3371 mortuus
562 3311 713 3388 neglectus
730 3320 792 3384 est;
814 3317 931 3372 tantum
952 3312 1032 3373 enim
1049 3330 1174 3374 somnus
1190 3313 1313 3386 valebat,
1336 3321 1370 3374 ut

219 3405 348 3467 amicum
367 3424 455 3468 suum
479 3415 579 3486 pastor
608 3425 645 3469 ne
674 3408 833 3487 respiceret
855 3409 983 3488 quidem.
1028 3411 1165 3472 Proxima
1186 3429 1256 3471 vero
1279 3417 1369 3472 nocte

219 3502 325 3564 umbra
349 3504 450 3567 culicis
473 3513 623 3584 pastorem
652 3506 780 3586 impium
804 3507 997 3586 querimoniis
1021 3508 1107 3581 adiit,
1140 3509 1284 3587 pactionis
1314 3509 1369 3572 ad-

219 3602 345 3673 monuit,
368 3621 422 3682 pro
447 3622 572 3667 munere
594 3605 670 3666 vitae
693 3623 746 3684 par
768 3604 902 3667 officium
919 3607 1140 3685 expostulavit..
1159 3607 1240 3668 llaec
1262 3606 1366 3669 ultima

217 3700 298 3762 senis
322 3720 381 3763 uox
402 3701 474 3775 fuit3
497 3703 521 3764 si
544 3722 633 3783 quern
658 3704 738 3765 euim
762 3723 833 3765 voce
851 3704 1033 3784 compellunt
1046 3705 1217 3767 deliciarum
1240 3724 1364 3769 suarum

217 3817 337 3872 manes,
368 3819 422 3880 pro
451 3801 552 3862 omine
574 3802 678 3864 mortis
701 3802 785 3865 facile
806 3804 960 3865 habeatur.
1005 3804 1103 3876 Quare
1125 3803 1269 3884 postridie
1292 3805 1364 3867 dum

215 3895 263 3959 illc
286 3899 436 3960 tumulum
466 3918 557 3962 manu
587 3902 676 3963 struit
703 3900 860 3975 imbecilla,
884 3902 987 3964 labore
1015 3911 1045 3964 et
1072 3903 1173 3964 dolore
1193 3902 1306 3965 fractus
1335 3911 1365 3964 et

218 3994 315 4057 subito
348 4005 500 4058 emortuus
529 4017 595 4060 esse
624 3999 720 4061 lentur
748 4007 777 4060 et
803 4000 834 4061 iu
863 4002 979 4063 tumulo
1002 4002 1116 4081 positus
1146 4001 1211 4082 ipse
1234 4010 1263 4063 et
1285 4003 1364 4081 apud

219 4091 331 4155 inferos
356 4094 469 4172 deliciis
492 4096 554 4156 suis
577 4097 708 4158 adfuisse
734 4106 764 4159 et
787 4099 871 4160 testis
897 4107 927 4161 et
952 4100 1057 4161 vindex
1080 4109 1110 4161 et
1132 4100 1239 4162 socius.
1276 4100 1364 4163 Tales

213 4189 303 4269 igitur
337 4209 429 4270 nugas
461 4194 613 4271 parodicas
640 4198 701 4257 lere
731 4202 762 4255 et
789 4215 857 4258 sane
881 4216 969 4276 quam
993 4198 1135 4259 absurdas
1164 4216 1301 4277 quaeque
1325 4199 1363 4261 ad

214 4305 315 4367 regem
340 4289 545 4352 cantiunculas
568 4291 748 4355 Goetlrianae
775 4294 921 4356 adsouant
943 4295 994 4375 qui
1020 4297 1148 4374 pulicem
1178 4303 1207 4356 et
1236 4296 1363 4358 habebat

212 4395 242 4446 et
263 4386 392 4462 amabat,
416 4389 442 4451 si
463 4389 518 4451 illis
542 4391 665 4453 saeculis
689 4392 857 4455 decantatas
881 4393 1021 4456 omnibus
1040 4394 1133 4456 luisse
1155 4395 1360 4465 statuerimus,
