2902 5040
661 295 884 358 ..70-

203 473 276 536 ltem
300 472 451 553 Oppianus
466 472 505 532 ΙΙΙ
524 469 582 531 128
598 489 679 551 squ:

306 599 342 658 A
350 588 479 677 άβραξ
503 589 535 657 δ’
556 590 728 672 ἀγκίστοιο
751 591 867 667 τυπεὶς
893 592 1078 675 εὐκαμπέος
1103 592 1207 680 αἰχμῇ

303 687 426 777 δψάσ’
450 688 727 776 ἀναθρώσκων
753 688 933 776 κεφαλήν
960 687 1076 774 ἀζηχὲς
1101 688 1262 772 ἐρείδει

302 786 385 878 αὐτῇ
411 789 446 854 ἐν
467 787 568 878 δρμιῇ
593 793 852 874 βεβιωμένος,
881 788 991 873 ὄφρα
1017 786 1057 854 οἳ
1084 788 1202 863 ἕλκος

305 885 526 972 εδράτεράν
551 912 585 952 τε
606 892 769 968 γένοιτο
795 886 852 952 καὶ
877 887 1073 973 ἐκφογέῃσιν
1099 885 1253 970 ὄλεθρον.

205 1016 278 1078 Item
292 1015 468 1077 Plutarchus
480 1034 506 1094 p.
521 1016 582 1076 977
595 1014 644 1076 B.:
670 1005 689 1077 ά
706 1012 727 1077 d
733 1011 748 1076 ὲ
763 1011 974 1097 λάβραξ...
989 1059 996 1074 .
1024 1007 1102 1075 ὅταν
1117 1015 1283 1096 περιπέσῃ
1305 1015 1351 1098 τῷ
1426 1003 1429 1009 ’

205 1109 368 1197 ἀγκίστρῳ
409 1110 616 1194 βελουλκεῖ
648 1113 692 1200 τῇ
726 1111 844 1195 δεῦρο
879 1107 992 1190 κᾷκεί
1025 1108 1271 1193 παραλλάξει
1311 1133 1352 1172 τε

205 1210 376 1294 κεφαλῆς
396 1205 620 1293 ἀνευρύνων
638 1210 682 1274 τὸ
700 1209 853 1293 τραῦμα
873 1209 929 1271 καὶ
948 1208 1005 1272 τὸν
1019 1207 1055 1271 ἐκ
1068 1209 1131 1272 τοῦ
1150 1209 1352 1293 σπαραγμοῦ

206 1308 311 1374 πόνον
336 1305 513 1391 ὑπομένων
538 1307 650 1393 ἄχρις
676 1305 722 1371 ἀν
748 1306 899 1391 ἐκβάλῃ
925 1305 967 1370 ro*
995 1304 1180 1389 ἄγκιστρον.
1219 1328 1222 1334 “

291 1411 336 1471 Ad
364 1407 485 1490 ἐρείδει
515 1410 595 1489 apud
625 1408 793 1489 Oppianum
822 1408 980 1469 scholiasta
1009 1407 1141 1487 scripsit:
1179 1404 1352 1488 ἐμβάλλει,

205 1500 282 1570 ἀντί
306 1507 367 1569 τοῦ
391 1508 550 1583 γενναίως
575 1504 741 1589 δπερείδει
761 1504 819 1588 τὴν
841 1504 988 1588 κεφαλὴν
1005 1505 1051 1588 τῷ
1077 1501 1242 1589 ἀγκίστρῳ
1268 1493 1353 1588 πρδς

206 1602 244 1668 cd
271 1599 454 1688 εὖροδῆναι
480 1601 539 1686 τήν
566 1602 696 1687 πληγήν
721 1603 777 1666 καὶ
803 1602 956 1676 ἐξελθείν
980 1601 1018 1665 τδ
1039 1600 1225 1684 ἄγκιστρον.
1266 1604 1353 1664 Vides

207 1710 307 1766 autem
338 1704 417 1764 inter
446 1711 583 1766 auctores
613 1712 675 1765 tres
705 1716 767 1767 non
798 1706 895 1766 solum
924 1705 1011 1766 verba
1041 1702 1228 1764 concinentia
1263 1703 1352 1764 etiam
1445 1699 1448 1703 ’

209 1799 379 1876 minutiora,
400 1803 453 1864 sed
472 1810 566 1864 totam
587 1803 691 1864 eadem
706 1804 822 1865 ratione
847 1803 1062 1864 conformatam
1078 1801 1234 1880 periodum
1249 1800 1353 1862 u'ltima

206 1909 289 1980 parte
314 1901 435 1963 inducta
461 1901 572 1963 voculis
603 1903 673 1963 dum
702 1896 792 1983 ὄφρα
818 1896 921 1982 ἄχρις.
966 1901 1089 1962 Latinus
1115 1916 1185 1961 vero
1215 1899 1352 1961 inertiam

207 2017 291 2061 suam
311 1999 410 2078 prodit
430 2001 545 2062 detritis
564 2000 621 2061 illis
643 2003 706 2061 acri
726 2003 851 2062 concitus
871 2003 919 2060 irc
938 1997 990 2060 ubi
1013 2001 1078 2060 ucri
1088 2006 1186 2076 raptus
1200 1997 1285 2059 λωιω
1301 2016 1354 2058 ex-

208 2097 398 2177 primendum
417 2097 482 2160 ruit.
524 2098 628 2178 Neque
649 2116 735 2159 causa
756 2097 889 2159 cernitur
909 2098 966 2159 ulla
982 2115 1035 2158 cur
1050 2096 1141 2157 etiam
1155 2095 1227 2156 illud
1248 2096 1356 2174 fluctus

204 2199 341 2276 prosequi
377 2195 512 2258 iniecerit
552 2198 631 2276 quod
666 2195 900 2257 insolentissime
933 2195 1080 2276 scriptum
1114 2210 1197 2256 nunc
1233 2195 1354 2257 demum

208 2301 347 2356 notamus
366 2294 406 2355 ita
425 2295 505 2356 velut
523 2295 548 2357 si
568 2295 662 2357 viator
682 2295 800 2357 dixerit:
824 2293 901 2356 viam
921 2311 1016 2355 meam
1038 2311 1211 2375 prosequor.

294 2391 337 2452 De
357 2411 497 2456 muraena
520 2394 641 2456 Ovidius
656 2413 684 2455 v.
700 2392 755 2453 27:
778 2386 781 2391 ’

310 2502 349 2563 Et
365 2499 435 2578 (Ati
457 2504 493 2564 ci.
509 2523 535 2564 v.
552 2503 593 2565 38
610 2513 640 2567 et
654 2503 708 2584 31)
737 2521 884 2566 murena
911 2505 994 2566 ferox
1012 2501 1142 2564 teretis
1162 2501 1218 2564 sibi
1239 2503 1357 2567 conscm

1156 2603 1248 2682 tergi

311 2700 360 2762 Ad
382 2700 497 2762 laxata
521 2701 629 2780 magis
654 2701 804 2764 connixa
826 2700 1000 2762 foramina
1022 2698 1115 2760 ratis

311 2798 446 2860 Tandem
468 2817 534 2878 per
556 2800 687 2861 multos
711 2799 831 2861 evadit
849 2798 988 2860 lubrica
1010 2799 1126 2859 flexus

310 2896 513 2985 Exemploque
536 2916 649 2960 nocens
670 2898 812 2960 cunctis
835 2899 892 2959 iter
912 2896 1025 2958 invenit
1048 2913 1115 2958 una.

212 3021 323 3083 Eadem
344 3022 422 3101 apud
442 3021 610 3102 Oppianum
625 3023 665 3084 III
679 3042 705 3085 v.
726 3025 785 3083 117
806 3024 894 3085 verba
917 3030 1002 3084 sunt:

314 3141 518 3230 Μάραιναι
539 3138 571 3209 δ’
587 3140 641 3211 ὅτε
666 3145 722 3212 κέν
740 3144 817 3211 ποτ’
838 3144 1042 3230 ἐνιπλήξωσι
1069 3145 1220 3224 λίνοισι

312 3231 696 3327 διζόμεναιβρόχον
725 3241 838 3329 εὐρὺν
867 3244 903 3308 ἕν
936 3243 1040 3330 ἕρκεϊ
1070 3237 1270 3319 divodorum,

312 3339 379 3405 τοῦ
409 3340 451 3407 δὲ
473 3341 629 3427 διαίγδην
651 3339 777 3426 ὀφίων
802 3340 927 3426 νόμον
946 3339 1192 3426 δρμηβεῖσαι

312 3440 438 3504 πᾶσαι
461 3438 726 3525 ὀλισθηροίσι
752 3439 987 3513 διεξέπεσον
1013 3440 1208 3524 μελέεσσι.

211 3580 250 3641 Et
279 3579 397 3660 quidem
428 3581 503 3643 alter
528 3598 584 3661 por
615 3580 720 3643 multos
752 3581 849 3658 βεωιιε
878 3579 950 3643 dixit
979 3583 1059 3662 quod
1089 3580 1173 3643 alteri
1204 3579 1359 3644 ridebatur

214 3673 323 3760 ὀφίων
359 3674 469 3760 νόμον.
527 3680 663 3741 Ceterum
699 3679 770 3740 satis
807 3679 990 3758 ineleganter
1029 3675 1203 3761 διζόμεναι
1230 3675 1359 3758 βρόχον

213 3772 309 3859 εὐρὺν
333 3778 378 3837 vel
404 3771 573 3859 εὐρύτερον
601 3779 690 3839 latine
713 3776 899 3856 exprimitur:
928 3781 1053 3840 εωιιιίωο
1078 3779 1117 3840 ad
1141 3779 1233 3858 mepte
1256 3777 1359 3840 lunato

211 3878 369 3956 foramina.
414 3875 555 3937 Conferas
579 3876 668 3937 etiam
691 3876 803 3937 Aeliani
817 3876 830 3935 1
846 3875 896 3937 33.

298 3975 339 4035 De
361 3974 443 4054 sepia
465 3973 587 4035 Ovidius
609 3993 635 4034 v.
655 3974 706 4036 19:

313 4100 418 4179 Sepia
441 4099 525 4160 tarda
547 4099 632 4178 fugae
654 4099 738 4161 tenui
762 4117 838 4161 cum
861 4099 939 4160 forte
962 4098 1018 4160 sub
1041 4100 1118 4161 unda

312 4199 495 4278 Deprensa
517 4198 650 4259 ostiam
673 4198 792 4278 iamque
814 4216 942 4259 manus
964 4197 1067 4258 timet
1089 4196 1138 4257 illa
1159 4194 1321 4276 rapacis,

312 4296 493 4358 lniiciens
516 4314 652 4375 aequor
674 4296 814 4375 nigrum
838 4295 950 4357 vomit
970 4295 1031 4359 illa
1054 4313 1070 4354 c
1202 4362 1204 4367 ,

314 4393 538 4474 Avertitque
560 4395 634 4456 vias
657 4395 788 4456 oculos
809 4395 995 4465 frustrata
1015 4392 1220 4472 sequentis.
