2902 5040
556 297 797 362 -135-

104 483 179 539 sunl
220 494 250 555 p.
275 475 381 537 547ss
411 474 464 537 15:
522 471 578 534 καὶ
621 469 665 534 αἱ
709 477 853 537 πίνναι
898 469 1026 555 ὀρθαὶ
1070 469 1244 554 φύονται

104 574 143 636 δι
174 569 234 636 τοῦ
269 572 397 653 ῥυσσοῦ
440 571 500 652 (vel
536 570 663 654 βυθοῦ)
707 570 751 636 δν
792 581 880 645 τοῖς
925 566 1142 653 ἆμμιίδεοι
1175 569 1243 635 καὶ

105 664 431 755 βορβορδδοοιν.
475 667 614 749 ἕχοοοι
643 665 675 733 δ’
705 668 747 734 ἐν
775 666 917 744 αὑταῖς
951 664 1244 751 πιννοφιίίαιια

106 767 147 832 αἱ
175 769 248 852 μὲν
277 767 482 851 καρίδιον,
512 765 554 831 αῖ
583 765 628 832 δὲ
657 771 885 853 καρκίνιον·
929 759 968 831 οὗ
997 763 1243 849 στερισκόμενοι

105 867 365 951 διαφθείρονται
381 865 514 931 θᾶττον.
545 868 640 942 Quum
656 886 709 947 ego
724 876 865 949 reputans
881 867 1103 933 similitudinem
1120 885 1174 949 pro
1191 885 1243 929 exa

105 968 218 1048 plorato
231 966 326 1028 habeo
340 967 416 1047 apud
427 967 614 1029 Aristotelem
628 974 662 1029 ut
676 967 729 1028 ulla
743 967 834 1030 multa
849 966 926 1042 alibi,
941 967 980 1028 ita
995 965 1132 1029 hocloco
1148 965 1242 1029 inter*

105 1066 211 1127 cidisse
240 1066 334 1146 ipsam
361 1066 444 1129 iilam
467 1066 540 1127 Plini
569 1066 820 1129 narratiunculam
850 1067 1053 1130 illustrantem
1074 1084 1140 1131 mm
1160 1064 1243 1146 qued

104 1165 171 1226 sine
201 1164 310 1226 comite
340 1161 600 1245 διαφθείρονται
630 1159 766 1226 θᾶττον.
822 1164 928 1226 Statim
961 1171 1062 1227 summ
1093 1163 1126 1225 in
1160 1178 1195 1227 ea
1225 1181 1244 1227 a

105 1263 266 1344 Chrysippo
299 1263 416 1325 ciborio
447 1263 504 1325 hoc
538 1264 663 1325 manne
686 1262 785 1325 vidisti
811 1263 890 1344 quod
921 1262 991 1342 pina
1021 1280 1130 1342 eorpus
1153 1279 1243 1326 suunt

104 1362 269 1424 luminibus
303 1362 409 1423 orbum
443 1362 583 1443 praebere
620 1361 767 1442 pisciculis
803 1361 927 1437 dicitur3
962 1369 990 1423 at
1027 1361 1106 1424 idem
1143 1368 1244 1442 aperto

103 1462 216 1542 legerat
237 1460 427 1523 Aelianus-ill
444 1459 484 1521 29
507 1460 557 1526 ubi
579 1461 660 1523 hunc
681 1461 713 1521 in
729 1460 851 1523 modum
866 1479 915 1522 res
930 1460 1021 1523 etiam
1036 1469 1244 1540 exaggeratius

104 1558 162 1621 καὶ
185 1560 353 1640 προτείνει
379 1562 517 1641 σαρκίον
542 1557 577 1630 ἐξ
602 1556 717 1643 ἑαυτῆς
738 1555 844 1622 οἱονεὶ
864 1556 981 1639 δέλεαρ
1000 1566 1071 1631 τοῖς
1092 1578 1243 1642 neposq-

103 1659 256 1740 χομένοις
281 1657 345 1720 coir
372 1651 511 1735 ἰχθύαν.
559 1659 666 1722 Omisit
687 1659 868 1740 Chrysippus
901 1659 1014 1740 quique
1043 1657 1082 1721 ab
1109 1677 1145 1721 eo
1167 1676 1242 1739 pcn-

104 1759 174 1820 dent
195 1767 297 1819 omnes
320 1757 391 1818 illud
413 1774 550 1838 quoque:
586 1753 690 1841 ὀρθαί
720 1754 861 1842 φύονται
894 1758 938 1819 vel
966 1759 1097 1821 subrecto
1125 1775 1244 1838 seraper.

187 1855 326 1919 Extitisse
341 1856 419 1936 apud
434 1856 621 1920 Aristotelem
637 1857 736 1920 locum
751 1858 880 1939 plenum,
902 1875 937 1918 eo
952 1874 1072 1936 quoque
1088 1872 1243 1919 commen-

103 1956 190 2017 datur
222 1955 302 2035 quod
330 1956 441 2036 reliqua
473 1957 586 2018 Plinius
612 1957 718 2036 quibus
744 1956 853 2018 ibidem
879 1955 1038 2017 sollertiam
1071 1955 1243 2035 aquatilium

102 2053 253 2135 ampliavit
263 2055 357 2116 eidem
371 2055 470 2116 omnia
484 2056 658 2135 philosopho
670 2055 812 2118 debebat:
829 2056 867 2117 de
877 2055 1136 2136 torpedineAr.
1145 2054 1242 2135 potu
1345 2105 1347 2111 Α

102 2154 362 2225 blaterans
385 2155 524 2217 marina
548 2153 646 2215 6203
663 2157 712 2228 ll,
741 2154 779 2216 de
811 2156 990 2235 squatina
1025 2164 1066 2217 et·
1086 2153 1242 2219 rhombo

103 2261 134 2315 et
158 2255 235 2316 ruio
253 2252 350 2315 62οΒ
366 2253 406 2315 30
433 2254 557 2330 (scilieet
581 2272 635 2335 pro
658 2253 768 2337 ψῆττα
783 2253 945 2316 Aristotelis
968 2255 1128 2318 rhombum
1147 2254 1241 2318 inur-

102 2368 171 2432 pres
182 2352 292 2414 minus
304 2352 468 2414 seeundum
480 2371 594 2415 morem
607 2353 853 2433 latinum'posuit:
866 2351 1242 2434 clsuprap.118).-Simul

102 2460 203 2514 nmen
225 2451 304 2513 miro
325 2452 414 2513 modo
437 2471 514 2532 quae
536 2453 613 2532 apud
636 2452 822 2514 Aristotelem
843 2459 914 2513 sunt
936 2450 977 2517 cd
1002 2449 1045 2514 ὃν
1068 2450 1118 2534 τῷ
1140 2447 1242 2514 ανδ·

102 2571 204 2632 μανι
232 2545 254 2613 ἃ
282 2549 440 2614 καλοῦσιν
469 2547 502 2612 oi
529 2545 635 2623 ἁλιεῖς
663 2548 829 2633 ῥαβδία·
869 2551 1104 2633 προςίρχοντοιι
1131 2543 1242 2624 dieis

103 2647 204 2731 πρὸς
225 2652 351 2732 φυκία
372 2646 434 2735 ἀφ’
452 2644 497 2713 ὦν
515 2651 702 2734 τρέφονται,
725 2668 741 2710 a
764 2649 855 2711 lutino
876 2650 1020 2731 scriptore
1033 2649 1242 2729 exprimuntur

98 2752 197 2828 pionis
212 2753 341 2823 cummis,
363 2751 526 2830 etquidem
549 2749 773 2810 corpusculorum
788 2752 884 2828 specie,
907 2749 1028 2810 omissis
1049 2746 1086 2813 do
1100 2749 1147 2832 τῷ
1166 2740 1241 2812 oco‘·

102 2854 190 2927 ματι.
235 2849 272 2908 At
294 2849 317 2909 si
341 2849 411 2910 olim
433 2849 564 2928 pleniora
586 2860 685 2928 graeca
707 2850 838 2909 lucrant:
872 2856 944 2920 eote
971 2845 1007 2910 ἐν
1025 2847 1073 2932 rqi
1100 2845 1240 2930 nedum·

103 2943 417 3029 rccepoyoipredor
440 2940 723 3026 dmtobomeqs„
745 2952 836 3026 atquc
855 2947 925 3008 illud
946 2941 1201 3027 menopdpoosv
1215 2949 1240 3011 sl

102 3063 156 3125 pro
172 3049 359 3127 arepertum
380 3047 529 3126 interpres
540 3045 613 3107 niso
630 3052 790 3124 acceperat,
813 3044 871 3106 itm
883 3044 1019 3126 ineptum
1034 3045 1108 3106 illud
1124 3052 1241 3111 οοοινίιῖο

97 3147 195 3224 ρίιιιιίι
208 3143 330 3206 facilem·
339 3143 428 3205 habet
439 3138 623 3224 explicatum.
648 3144 761 3206 Plinius
775 3153 874 3205 entem
886 3144 1035 3206 melium-ni
1045 3144 1131 3206 fallor
1145 3145 1238 3226 scrip

101 3243 203 3306 sisset:
225 3247 312 3324 specie
327 3245 527 3306 comoderunt.
558 3244 701 3324 Deinceps
716 3262 770 3324 pre
785 3261 862 3317 mom,
885 3244 964 3324 qued
980 3245 1125 3324 stupenda
1145 3245 1241 3307 adhuc

102 3341 249 3405 celeritate
286 3351 492 3404 conservatum
527 3341 565 3403 ab
600 3341 762 3404 editoribus
800 3341 899 3416 video,
935 3353 1080 3422 reponere
1116 3343 1238 3406 loetint:

101 3445 185 3504 aiom
203 3445 355 3520 postiuoco
373 3441 581 3516 latrocinalem
602 3442 681 3520 apud
700 3440 889 3503 Aristotelem
912 3458 982 3502 vero
1004 3442 1098 3522 aliqua
1120 3442 1239 3505 ercide-

100 3549 172 3602 runt
194 3549 262 3620 post
284 3537 371 3622 πλὴν
385 3533 457 3617 'cdx
477 3531 600 3621 ὁμοίως
617 3537 678 3600 did
693 3539 716 3600 B
731 3539 782 3599 Pl.

186 3640 284 3719 Atque
303 3641 363 3701 iam
386 3641 453 3703 vide
474 3659 522 3702 me
544 3659 602 3720 quo
624 3658 806 3720 procursum.
851 3639 924 3700 Nam
947 3648 976 3700 et
998 3638 1035 3699 nd
1057 3656 1122 3701 rem
1143 3655 1238 3702 mcum

99 3739 198 3800 fecere
231 3738 315 3799 rideo
347 3746 381 3800 ut
413 3747 559 3818 qnantum
591 3738 698 3799 laboris
730 3737 761 3798 in
784 3737 937 3800 historiam
970 3738 1141 3800 animalium
1164 3738 1238 3801 scri·

102 3836 228 3899 modom
252 3835 364 3897 Plinius
385 3836 564 3916 impenderit
585 3837 691 3899 clarius
723 3836 894 3916 dispiciatur
915 3844 944 3898 et
964 3836 1060 3899 sentio
1082 3836 1238 3898 dicendum

101 3954 168 3998 esee
182 3935 348 4014 indignum,
364 3936 443 4014 quod
458 3954 535 4016 quac
544 3935 594 3996 illo
609 3935 794 4016 conscripsit,
811 3944 845 3996 ut
858 3935 1044 3999 obscuriores
1058 3936 1165 4016 reliqui
1179 3936 1239 3998 sint

100 4042 249 4104 auctores,
281 4043 381 4096 tamen
415 4035 590 4115 plerumque
621 4053 688 4096 cum
717 4036 782 4114 ipso
804 4034 960 4106 Aristotele
982 4035 1140 4097 manifesto
1168 4052 1236 4096 con·

99 4134 241 4214 spirantia
278 4134 409 4194 nondum
454 4135 491 4194 ad
528 4134 670 4196 amussim
705 4150 825 4195 excussa
865 4134 966 4196 omniu
1002 4141 1032 4196 et
1068 4150 1136 4195 cum
1172 4134 1237 4214 ipso

100 4232 258 4295 Aristotele
291 4233 420 4294 conlata
438 4239 519 4308 sunt.
549 4234 659 4313 'Atque
686 4238 864 4313 quemquam
893 4233 963 4294 huio
992 4233 1056 4294 loeo
1086 4250 1147 4295 uon
1171 4241 1236 4313 apta

100 4332 159 4394 n'lsi
181 4348 272 4411 pauca
295 4331 428 4411 exemplu
450 4339 537 4393 erunt
557 4331 682 4404 selecta.
698 4337 799 4394 nmen
816 4332 884 4394 inde
908 4340 937 4394 et
958 4331 1117 4394 lectionum
1134 4348 1237 4394 emen-

101 4432 215 4494 dationi
242 4432 369 4492 fructus*
388 4430 478 4510 aliqui
512 4429 662 4494 dabuntur
684 4437 713 4491 et
729 4431 930 4512 intellegetur,
964 4438 1070 4512 quanta
1105 4448 1173 4493 cura
1203 4446 1237 4496 at
