2902 5040
647 276 870 341 ..36-

274 454 385 515 Notum
418 460 464 514 est
496 451 578 513 verbi
608 470 726 531 poscere
757 453 871 513 formas
904 451 1034 532 passivas
1059 469 1215 532 nunquam
1242 451 1278 512 ad
1302 451 1330 513 id

188 553 328 632 adplicari
355 554 433 632 quod
455 559 541 632 pastu
563 562 772 628 consumatur,
800 552 853 612 sed
883 551 918 612 ad
942 569 1011 611 eum
1035 559 1149 611 tantum
1172 551 1222 630 qui
1244 558 1333 629 pastu

188 649 313 713 fruatur.
347 651 430 712 ldem
445 651 523 712 valet
538 651 574 711 de
594 669 666 712 voce
688 653 826 729 impastus
840 669 916 728 quae
932 657 979 710 est
993 650 1099 728 Vergili
1116 654 1187 710 Aen.
1204 649 1243 710 lll
1259 646 1331 719 337,

188 750 270 811 velut
285 759 437 829 perpostus
458 749 583 810 Phaedr.
605 749 644 809 lll
667 749 697 823 7,
719 749 748 809 2.
796 749 880 810 Aliud
916 767 1039 829 prorsus
1072 749 1190 828 deposco
1215 745 1333 808 estrei

190 849 326 929 deposcm
348 849 432 910 cuius
455 848 606 910 obiectum
629 867 779 909 essenon
802 856 901 927 potest
922 849 980 910 nisi
1003 849 1094 910 cibus.
1139 847 1240 908 Semel
1262 845 1333 906 Ovi·

190 948 256 1010 dius
278 948 450 1009 adulescens
472 965 579 1008 canere
602 965 691 1009 ausus
713 957 757 1009 est
778 947 877 1009 Amor.
895 948 979 1022 1115,
998 949 1036 1008 17
1060 948 1096 1008 de
1116 955 1216 1007 tauro:

289 1060 366 1121 Dum
389 1060 466 1121 iacet
488 1068 517 1120 et
539 1061 619 1121 lente
641 1067 791 1122 revocatas
813 1062 946 1122 ruminat
969 1061 1075 1122 herbas

335 1161 432 1241 Atque
454 1159 563 1220 iterum
586 1166 670 1239 pasto
693 1159 826 1238 pascitur
847 1168 915 1221 ante
938 1159 1014 1231 cibo,

191 1284 243 1348 ubi
258 1284 345 1347 scribi
361 1283 501 1346 debebat:
524 1294 607 1364 utque
629 1284 689 1345 etto
705 1283 836 1364 (eodem)
859 1294 925 1346 aare
944 1287 1168 1365 positatarum
1188 1281 1333 1361 poscitum

191 1385 233 1446 ita
255 1393 289 1446 ut
310 1391 490 1463 pervenuste
512 1382 658 1463 participii
687 1401 788 1443 casum
818 1384 901 1463 quasi
924 1384 1079 1444 deflexisse
1100 1394 1217 1462 poetam
1241 1396 1335 1458 appa-

191 1492 272 1546 reret
304 1502 368 1544 eam
402 1499 492 1542 unam
524 1481 563 1542 ob
596 1499 715 1542 causam
749 1490 782 1542 ut
814 1491 844 1542 et
876 1482 943 1543 soni
975 1492 1004 1544 et
1027 1481 1182 1542 verborum
1206 1477 1334 1540 debitam

192 1581 431 1663 aequabilitatem
454 1580 691 1654 nancisceretur3
720 1580 810 1660 idque
838 1589 987 1660 praeterea
1020 1587 1177 1642 excusatur
1206 1596 1262 1639 usu
1286 1575 1334 1636 illo

192 1681 310 1762 poetico
333 1698 391 1761 quo
421 1678 559 1740 dicebaut
592 1680 729 1758 querulus
760 1677 912 1741 volucrum
944 1679 1029 1741 nidus
1062 1698 1116 1759 pro
1149 1677 1336 1758 pauculorum

191 1779 443 1842 volucrumaidus
458 1776 625 1854 (Medicam.
642 1777 695 1857 77)
718 1777 833 1838 similia.
866 1778 929 1840 lam
952 1778 1184 1840 Halieuticorum
1208 1775 1336 1854 scriptor

193 1880 230 1941 de
251 1878 422 1940 ruminante
436 1876 519 1956 pisce
546 1876 679 1936 dicturus
694 1895 720 1936 v.
740 1876 799 1935 119
823 1876 919 1938 iacere
941 1895 1002 1939 non
1025 1884 1142 1956 poterat
1164 1874 1236 1954 quin
1251 1870 1337 1933 Ovidi

192 1978 239 2040 sui
259 1977 358 2038 locum
382 1976 548 2037 consuleret
571 1993 663 2036 unum
686 1993 745 2055 quo
768 1975 831 2054 ipsa
853 1976 1023 2050 ruminatio,
1046 1994 1093 2036 res
1117 1973 1239 2035 minime
1265 1989 1336 2032 can-

193 2074 300 2149 tabilis,
325 2081 547 2136 memoraretur.
585 2073 661 2135 Ecce
681 2093 783 2135 versus
807 2076 952 2137 conflatus
973 2075 1036 2136 hic:

384 2201 424 2262 Ut
446 2218 546 2262 scarus
569 2207 686 2280 epastas
709 2201 790 2262 solus
813 2201 864 2280 qui
886 2201 1017 2262 ruminat
1039 2217 1137 2271 escas3

194 2327 296 2408 itaque
318 2344 379 2386 non
395 2325 485 2385 modo
502 2325 665 2403 assumpsit
686 2325 734 2387 ille
749 2324 834 2386 Ovidi
857 2337 923 2388 aare
943 2335 1042 2406 postue
1064 2324 1115 2385 sed
1139 2324 1338 2403 compositum

193 2426 318 2488 verbum
341 2424 410 2484 inde
443 2422 582 2483 formavit
610 2423 787 2496 inauditum,
822 2443 938 2486 memor
971 2424 1035 2485 sine
1068 2421 1157 2483 dubio
1191 2422 1339 2502 participii

194 2535 300 2605 epotus,
323 2523 374 2584 sed
399 2530 432 2583 ut
453 2529 534 2599 grata
556 2521 603 2581 illa
620 2521 740 2582 audacia
764 2531 793 2583 et
810 2541 876 2583 rere
897 2523 1011 2602 poetica
1026 2530 1140 2586 temere
1156 2521 1338 2583 abuteretur.
1403 2512 1404 2518 '

194 2623 297 2702 Neque
319 2621 410 2698 igitur
436 2627 537 2699 parata
570 2619 639 2679 iude
672 2619 822 2681 excusatio
856 2630 901 2682 est
934 2621 1013 2701 quod
1036 2619 1165 2685 Ovidius·
1192 2619 1340 2682 emodulor

195 2721 344 2782 emoderor
366 2717 472 2780 similia
495 2716 581 2778 verba
605 2736 710 2778 sensus
734 2718 878 2797 aptissimi
900 2721 1015 2799 primus
1037 2720 1216 2782 formaverit.

280 2817 387 2880 ddsint
409 2816 494 2896 plura
517 2816 552 2876 ab
576 2814 680 2878 Ouidio
705 2817 808 2878 alicua.
852 2818 981 2886 Verbum
1004 2821 1155 2883 dissolvere
1177 2819 1260 2880 adest
1276 2817 1338 2879 Hal

194 2936 223 2978 r.
239 2915 290 2990 37,
313 2915 390 2996 apud
414 2913 553 2975 Ovidium
575 2930 636 2973 non
663 2914 722 2975 nisi
754 2916 870 2988 solvere,
904 2926 993 2997 atque
1026 2919 1077 2998 qui
1110 2918 1166 2979 scit
1197 2915 1340 2999 loquendi

196 3035 252 3078 usu
275 3013 425 3096 quomodo
449 3012 520 3072 illud
536 3010 572 3071 ab
596 3012 652 3073 hoc
668 3012 784 3074 differre
798 3015 901 3085 soleat,
925 3016 1006 3077 casui
1028 3016 1238 3078 abstinentiam
1255 3011 1340 3074 Ovidi

195 3131 257 3174 non
290 3112 409 3174 tribuet.
466 3110 563 3171 Obuiti
594 3108 675 3188 (llal.
696 3109 753 3186 12)
787 3112 907 3193 scripsit
936 3115 1090 3193 Vergilius,
1123 3113 1245 3174 Ouidius
1278 3128 1340 3172 non

195 3211 316 3290 scripsit
332 3227 512 3289 quamquam
529 3208 644 3268 occasio
660 3208 808 3270 scribendi
832 3212 973 3274 nimirum
990 3215 1056 3292 plus
1079 3233 1137 3275 una
1159 3220 1237 3286 erat,
1258 3211 1340 3272 idem

195 3310 272 3371 valet
293 3309 331 3370 de
354 3310 463 3368 conciti
488 3306 622 3381 (indubia
650 3307 730 3368 enim
761 3310 835 3370 haec
864 3313 1006 3373 correctio
1030 3321 1075 3374 est
1096 3313 1129 3374 in
1151 3312 1214 3373 Hal.
1231 3330 1256 3371 v.
1273 3306 1338 3389 28),

194 3406 273 3468 idem
295 3407 371 3467 valet
399 3406 435 3466 de
462 3407 634 3484 increpitare
657 3404 733 3484 (Hal.
751 3405 814 3481 80),
846 3410 925 3487 quod
948 3419 981 3472 ut
1005 3410 1176 3491 Propertius
1198 3409 1228 3470 in
1251 3426 1339 3487 aper-

196 3505 310 3567 tissimo
333 3504 397 3566 loco
421 3503 573 3564 collocavit
594 3501 699 3574 11126,
720 3505 767 3578 15,
802 3505 949 3584 dipodiam
985 3509 1146 3571 hexametri
1180 3508 1244 3568 diuo
1268 3506 1340 3566 ulti-

196 3621 287 3675 mam,
320 3603 360 3663 ita
383 3601 511 3662 'evitavit
532 3601 609 3662 Naso
643 3621 762 3681 semper
783 3604 916 3666 scribens
936 3611 1094 3687 ebcrepure.
1138 3608 1214 3668 ltem
1235 3607 1343 3666 aimon·

196 3698 273 3780 (llal.
294 3701 347 3777 77)
369 3699 476 3778 Vergili
500 3706 558 3770 est,
583 3692 643 3760 non
666 3699 756 3763 Ovidi.
808 3703 957 3767 Venditure
979 3707 1053 3782 (Hal.
1071 3706 1125 3783 70)
1147 3723 1244 3785 neque
1266 3703 1339 3764 Ver·

195 3799 282 3878 gilius
315 3817 447 3880 unquam
482 3820 580 3882 neque
603 3803 738 3865 Tibullus
761 3805 969 3885 Propertiusre
1000 3825 1097 3885 neque
1131 3805 1196 3885 ipse
1220 3801 1340 3863 Ovidius

197 3896 254 3960 sibi
277 3900 434 3962 concessit.
478 3901 597 3981 Perpere
621 3903 767 3983 (Hales)
790 3905 962 3985 proaliquo
986 3923 1016 3967 se
1045 3905 1178 3984 conferre
1207 3901 1340 3981 positum

196 3995 229 4056 in
251 3996 355 4057 Ouidio
378 4017 439 4060 non
463 3999 531 4070 vidi,
555 4001 612 4061 vidi
635 4003 711 4080 apud
735 4003 888 4064 Maronem
911 4005 984 4065 den.
1006 4002 1142 4076 X15213
1166 4002 1202 4063 cf.
1219 4000 1271 4061 Sili
1290 3998 1340 4060 vll

88 4127 90 4130 <
201 4094 270 4154 171.
315 4096 374 4156 Sed
397 4116 436 4158 ne
458 4098 530 4159 illud
553 4099 672 4179 quidem
696 4101 777 4179 quod
800 4103 861 4163 Hal.
878 4101 918 4162 53
941 4110 988 4162 est
1008 4112 1133 4163 sternere
1151 4102 1244 4180 percit
1265 4097 1341 4159 scri·

196 4190 268 4253 bere
290 4193 337 4254 ille
357 4196 507 4270 voluerat3
537 4197 606 4276 quia
632 4198 712 4259 enim
739 4206 873 4262 sternere
902 4200 1092 4280 incepisse
1114 4199 1232 4259 leonem
1254 4202 1341 4256 antea

199 4289 309 4351 dictum
333 4301 476 4367 nonest,
501 4294 742 4376 interpretandus
766 4298 847 4359 locus
869 4307 929 4360 est:
953 4314 1090 4377 „semper
1118 4297 1149 4358 in
1171 4315 1206 4357 eo
1234 4303 1280 4356 cst
1306 4300 1341 4355 ut

198 4393 340 4462 stemat‘,
362 4409 451 4470 quam
472 4394 613 4472 pergendi
632 4395 876 4474 significationem
900 4396 992 4458 habes
1004 4415 1029 4457 e.
1044 4415 1073 4474 g.
1090 4393 1209 4457 Lucreti
1219 4393 1255 4456 lv
1268 4391 1340 4454 323.

86 4654 272 4750 Α
