2902 5040
672 300 915 366 -138-

226 476 374 560 λολόνθη
396 475 452 540 καὶ
474 474 574 561 opp}
604 473 661 538 καὶ
689 470 787 538 ταύτὸ
817 474 855 538 δὲ
875 478 968 554 γένος
997 473 1085 538 ἐστὶ
1114 475 1181 536 nal
1210 496 1366 557 recepto·

226 575 296 640 τὸν
331 574 397 638 καὶ
428 572 605 658 ἄπτερον
634 571 724 638 οἷον
752 566 956 658 μύρμηκάς
986 574 1069 639 aloa
1090 595 1153 656 eqo.
1198 575 1270 638 Vide
1297 576 1367 638 lati·

226 695 301 739 num
323 676 497 756 scriptorem
521 684 551 737 et
573 675 734 755 parciorem
758 682 787 737 et
816 685 915 737 umen
938 675 1010 738 adeo
1039 684 1118 738 mute
1144 692 1248 754 graeco
1275 675 1367 739 oboe-

227 783 368 856 quentem
391 783 425 837 ut
445 792 498 854 pro
519 785 552 836 ut
573 778 635 836 iuri
659 774 815 838 restituere
841 775 928 855 plane
951 775 1053 837 liceat:
1082 783 1115 837 ut
1134 773 1198 836 isli.
1241 773 1274 837 ld
1296 792 1366 839 vero

226 875 381 936 temerarie
413 873 496 944 lecit,
530 873 609 952 quod
645 874 731 935 etiarn
766 873 923 955 pedibus
951 891 1050 936 carere
1072 873 1149 935 iulos
1169 872 1260 935 dixit:
1294 880 1367 935 sunt

226 973 307 1034 enim
330 972 429 1054 potius
451 971 629 1052 multipedes
653 973 701 1047 (ol.
717 973 838 1035 Aristot.
855 991 883 1053 p.
900 971 994 1034 6828
1008 972 1050 1048 3).
1086 973 1147 1035 ltm
1170 980 1254 1035 tenes
1276 972 1367 1051 igitur

225 1072 350 1134 llomani
384 1070 536 1151 scriptoris
568 1069 681 1133 indocti
712 1071 970 1152 interpolationem
993 1070 1083 1134 talem
1105 1086 1180 1151 quse
1202 1069 1366 1134 absurdum

225 1171 296 1231 illud
319 1169 487 1250 qubusdam
508 1179 608 1232 terum
629 1170 706 1251 apud
728 1171 856 1233 Plinium
878 1169 917 1233 lX
932 1169 972 1231 73
989 1170 1039 1247 (ef.
1053 1171 1141 1232 Arist.
1157 1189 1185 1250 p.
1202 1168 1295 1233 taen
1310 1167 1366 1250 24)

225 1277 306 1330 recte
327 1269 403 1330 tradi
425 1270 603 1348 persuadeat
625 1269 704 1349 quod
726 1269 821 1331 eicere
841 1269 911 1331 inde
932 1268 969 1330 ab
990 1268 1141 1331 Harduiuo
1162 1268 1294 1333 invaluit.

310 1367 547 1448 lrascerisquod
570 1368 706 1430 licentius
732 1368 777 1429 vel
799 1387 904 1449 parum
938 1369 1025 1430 docte
1056 1369 1110 1430 has
1143 1386 1190 1430 res
1223 1374 1366 1433 aarum

225 1467 357 1546 Trogum
373 1467 549 1547 Pompeium
565 1500 604 1512 —
622 1468 710 1529 modo
731 1485 770 1530 ne
791 1468 846 1531 ista
868 1468 905 1530 de
927 1486 982 1530 suo
997 1467 1109 1530 Plinius
1131 1467 1222 1530 luerit
1242 1466 1294 1547 qui
1317 1466 1365 1529 in-

224 1566 379 1628 iceret-
401 1567 593 1647 arguerimus.
632 1567 745 1629 Tamen
767 1566 877 1629 erroris
897 1566 1049 1629 cuiusdam
1072 1580 1161 1648 quem
1182 1566 1368 1630 commiserit

225 1664 339 1744 Trogus
366 1665 437 1727 setis
465 1666 579 1728 ridiculi
607 1667 690 1729 testis
711 1667 825 1729 Plinius
853 1666 970 1729 ridetur
992 1665 1044 1727 llll
1060 1666 1088 1736 7,
1118 1664 1262 1744 siquidem
1285 1665 1367 1729 hunc

225 1782 344 1844 quoque
366 1764 464 1826 locum
487 1784 521 1826 er
546 1765 643 1845 Trogo
664 1765 784 1828 duxisse
805 1765 966 1845 plausibilis
989 1765 1174 1828 Gutschmidi
1193 1764 1367 1829 coniectura

225 1872 282 1926 est„
319 1863 516 1945 Summopere
537 1872 639 1926 tamen
661 1863 855 1945 improbabile
877 1865 943 1927 dico
964 1865 1044 1946 quod
1061 1865 1164 1927 doctus
1180 1864 1257 1927 idem
1281 1881 1367 1927 erro·

225 1962 265 2024 ris
287 1962 411 2025 crimirm
432 1963 560 2044 Trogum
582 1963 761 2026 liberaturus
781 1965 812 2026 in
834 1964 983 2028 sententia
1004 1963 1074 2027 hae:

325 2087 482 2170 Dionysius
505 2090 586 2170 prior
600 2089 713 2153 Siciliae
729 2099 872 2171 tyrannus
895 2089 1017 2171 Regium
1039 2091 1071 2151 in
1091 2086 1197 2151 urbem
1213 2084 1368 2150 tramtullt

326 2206 374 2250 cas
397 2186 428 2266 (i.
451 2207 474 2250 e
498 2189 643 2268 platanos)
667 2188 774 2251 domus
796 2208 868 2252 suae
889 2189 1078 2263 miraculum,
1104 2186 1156 2250 ubi
1177 2195 1282 2268 poetes
1303 2190 1366 2249 lara

327 2295 391 2349 tum
413 2286 615 2368 gymnasium
648 2305 704 2348 nec
735 2287 870 2368 potuisse
901 2289 931 2349 in
958 2287 1183 2368 amplitudinem
1206 2276 1367 2365 augescere

327 2393 379 2446 ant
400 2385 470 2446 alias
492 2384 586 2447 fuisse
608 2385 735 2447 initalia
758 2404 792 2448 ac
807 2387 983 2473 nominatim
999 2384 1138 2468 Hispania
1160 2380 1238 2466 apud
1261 2393 1366 2447 ande·

325 2501 374 2544 res
397 2481 549 2544 invenitur

228 2639 280 2703 pro
302 2621 443 2703 prooa'o
464 2622 539 2684 male
567 2639 640 2683 sano
662 2640 724 2684 non
750 2623 956 2704 Theophrasto
984 2624 1059 2687 duee
1086 2623 1228 2704 scriptum
1249 2623 1368 2706 aponius

226 2720 319 2782 luisse
333 2721 469 2801 sumpsit,
485 2720 537 2783 scd
555 2719 723 2802 Capadooo.
754 2723 861 2784 Parum
879 2707 965 2785 mesi
981 2723 1064 2786 andis
1079 2721 1218 2785 feliciter:
1234 2741 1274 2784 an
1288 2724 1368 2786 lortc

227 2819 306 2881 ltalia
328 2818 427 2881 minus
449 2832 584 2882 nomen
608 2829 652 2881 est
674 2839 762 2901 quam
786 2816 972 2902 Cispadane?
998 2829 1087 2901 atque
1110 2839 1181 2882 nrum
1204 2818 1367 2901 quidquam

226 2917 351 2998 aliquo
384 2919 465 2980 loco
496 2919 717 2980 nominatim
748 2939 830 2982 csse
851 2921 941 2982 latine
961 2921 1017 2981 dIci
1039 2920 1080 2981 ita
1102 2919 1219 2999 poterit,
1248 2928 1367 2983 utnon

226 3017 318 3098 ipsius
339 3016 395 3087 rei,
421 3017 551 3078 sed'loci
574 3033 685 3078 nomen
707 3017 919 3097 promittatur?
963 3015 1041 3079 Nihil
1062 3026 1161 3079 autern
1184 3018 1275 3098 magis
1296 3037 1368 3100 per·

225 3116 360 3196 spiceum
377 3131 465 3196 qnam
481 3125 654 3196 corruptum
669 3127 722 3178 aad
735 3135 800 3180 esse
814 3119 894 3198 quod
910 3118 1017 3190 antcit3
1036 3117 1135 3196 itaquae
1150 3117 1240 3179 simul
1253 3118 1280 3179 si
1294 3137 1367 3181 scn-

226 3215 300 3276 seris
315 3232 403 3295 quam
416 3230 505 3294 prave
521 3221 550 3277 ct
563 3220 596 3277 irc
611 3215 826 3295 amplitudines
841 3232 989 3298 capescere
1004 3225 1035 3277 ct
1050 3216 1124 3278 alios
1134 3218 1223 3296 solare
1237 3222 1269 3279 as
1279 3215 1366 3281 italio

225 3313 371 3376 sententia
406 3332 465 3375 una
493 3315 749 3394 constringantur,
788 3331 847 3376 non
879 3317 991 3394 poteris
1017 3333 1080 3376 non
1120 3314 1160 3376 ita
1197 3331 1365 3379 sermonem

226 3413 415 3492 distringere:
453 3430 504 3475 nec
530 3417 653 3493 potuisse
687 3417 719 3475 is
747 3415 961 3494 amplitodtoem
990 3431 1138 3495 oagmccre
1167 3418 1263 3490 οοοοοος
1292 3415 1367 3478 alios

225 3513 316 3591 salabre
343 3515 374 3573 io
402 3511 488 3573 ltalia
517 3532 550 3573 cc
578 3517 749 3575 nominatim
783 3517 899 3593 spanias
933 3514 1009 3594 apud
1045 3526 1173 3580 amenas
1207 3518 1365 3577 nenena.

226 3610 375 3689 Scriptum
399 3619 445 3673 est
467 3612 547 3673 cuim
569 3612 647 3692 apud
667 3611 906 3692 Theophrastum
929 3613 966 3673 lv
982 3615 1011 3687 5,
1027 3614 1062 3675 6:
1086 3611 1122 3678 ἐν
1147 3611 1206 3697 μὲν
1234 3610 1297 3697 γὰρ
1319 3612 1365 3696 τῷ

222 3700 338 3793 {fidelos
360 3704 569 3773 πλάτανον
590 3705 778 3792 οὔφασιν
800 3710 887 3774 εἶναι
910 3707 997 3794 πλὴν
1019 3711 1097 3794 περὶ
1118 3708 1156 3774 ed
1174 3709 1365 3796 Διομήδους

226 3798 332 3892 ἱερόν·
363 3811 547 3872 σπανίων
576 3802 614 3871 δὲ
643 3807 699 3870 καὶ
728 3807 764 3873 ἐν
790 3796 913 3889 Ἰταλίᾳ
943 3807 1035 3894 πάσῃ
1059 3831 1118 3892 eqs.

311 3907 404 3968 Porro
426 3916 635 3988 comparentur
656 3909 736 3970 inter
750 3928 781 3970 se
796 3909 872 3971 Plini
896 3899 978 3971 xus
1002 3919 1031 3972 et
1046 3909 1212 3972 Aristotelis
1226 3928 1255 3991 p.
1273 3906 1364 3972 563B

229 4007 355 4087 lbsqq.:

225 4140 315 4209 ὅδὲ
344 4139 490 4217 κόκκυξ
517 4141 682 4223 λέγεται
708 4144 780 4229 μὲν
808 4148 946 4227 coccyx
989 4146 1138 4208 videtur
1180 4165 1219 4208 ex
1263 4148 1364 4210 acci·

225 4238 781 4327 ὕπότινωνοῖςμεταβάλλειέξ
806 4248 903 4328 pitre
945 4246 1046 4319 fieri,
1087 4254 1255 4326 tempore
1291 4245 1364 4308 anni

226 4340 385 4427 ἱέρακος
414 4341 486 4406 διὰ
513 4342 555 4407 τὸ
584 4338 779 4428 donnico·
808 4344 1365 4425 (cademvoxlX162,li80nelorte

225 4441 415 4507 oderade
430 4439 780 4528 {cousummass-
808 4457 933 4526 tempore
954 4445 1077 4508 concode·
1096 4443 1239 4526 conicias)
1262 4444 1363 4526 ligu-
