2902 5040
550 280 793 346 -121-

99 477 217 540 genera.
245 477 338 521 unum
365 459 521 539 pelagium,
549 458 661 539 reliqua
689 476 759 520 vero
786 458 844 520 duo
870 458 1030 519 habitantia
1053 458 1123 520 locis
1138 457 1238 537 potius

99 558 228 620 limosis:
255 558 362 620 horum
390 567 489 620 autem
516 558 643 620 duorum
670 558 794 620 alterum
816 576 881 619 esse
896 552 1033 634 γαλεούς
1050 557 1094 617 vel
1109 558 1239 637 squalos‚

100 657 136 718 ad
161 656 282 738 squalos
307 657 456 737 pertinere
480 657 659 738 squatinam.
690 658 753 730 Qua
769 657 953 738 expositione
968 656 1153 737 aliquatenus
1168 675 1238 736 pro-

98 756 188 817 batur
207 755 327 836 quidem
353 757 509 837 squatinae
533 757 566 818 13
580 775 607 818 v.
626 757 686 818 123
702 757 861 829 restitutio,
887 755 1072 836 improbator
1097 755 1129 816 in
1155 774 1181 815 v.
1197 754 1238 815 94

100 855 188 916 133113
206 855 331 917 [11111333
347 857 443 938 squali
454 875 508 936 pro
525 876 559 918 3ο
576 857 655 937 quod
672 864 718 917 est
733 857 839 936 quoles.

186 953 247 1014 lam
271 972 340 1016 vero
366 955 495 1036 phycis
522 957 655 1036 quamvis
677 956 805 1018 saxatilis
826 962 925 1016 tamen
942 954 1022 1031 algae
1042 973 1073 1014 se
1098 951 1240 1015 inservire

99 1053 164 1132 ipso
180 1052 303 1115 nomine
314 1055 422 1134 prodit,
438 1055 638 1135 singularique
650 1075 708 1136 quo
721 1055 860 1116 utebatur
874 1053 1011 1115 nidorum
1029 1053 1239 1115 struendorum

100 1151 223 1214 artificio
250 1152 319 1214 inde
345 1153 382 1215 ab
396 1154 554 1217 Aristotele
580 1163 640 1217 tam
667 1154 789 1232 insignis
816 1172 880 1214 esse
906 1151 1045 1232 pergebat
1070 1160 1104 1212 ut
1129 1170 1240 1212 nomen

101 1251 199 1330 ipsum
216 1251 366 1332 adponere
387 1262 472 1332 poeta
489 1273 512 1313 v.
534 1251 592 1314 122
618 1253 703 1333 plaue
728 1253 935 1333 supersederet
956 1252 1005 1327 131.
1022 1250 1131 1329 Haupti
1146 1250 1239 1338 prael.

100 1370 131 1430 p.
146 1349 236 1429 XXl).
279 1349 352 1412 ltem
382 1352 545 1413 asellum
577 1352 641 1428 (Ov.
660 1352 733 1433 134)
762 1353 896 1414 limosam
928 1350 1055 1412 maxime
1084 1349 1241 1411 stationem

100 1465 200 1510 amare
213 1447 365 1529 Oppianus
382 1452 529 1513 consentit
544 1451 606 1513 fere
620 1452 631 1511 l
644 1473 670 1515 v.
686 1453 755 1513 lOl.
786 1450 895 1532 Squilla
912 1450 955 1511 vel
971 1449 1070 1510 caris
1087 1448 1154 1526 (Ov.
1167 1447 1241 1527 132)

100 1547 178 1628 apud
194 1547 362 1628 Oppianum
390 1550 481 1628 magis
507 1570 575 1612 saxa
601 1551 703 1613 incolit
718 1552 729 1612 l
746 1550 807 1613 262
823 1551 932 1630 quippe
958 1549 994 1610 ad
1018 1557 1133 1611 astacus
1158 1547 1241 1608 loeu-

100 1653 223 1726 stasque
247 1645 400 1726 pertinens
417 1647 540 1728 11281),
567 1667 656 1729 porro
683 1649 890 1728 lolligiuem
915 1649 979 1723 (Or.
997 1647 1070 1728 131)
1097 1647 1240 1727 pelagiam

100 1745 276 1807 Aristoteles
302 1746 420 1826 scripsit
440 1746 597 1810 524132.
630 1749 718 1810 Sues
734 1748 800 1828 (Ox.
817 1747 890 1824 132)
911 1765 1014 1809 arenas
1030 1764 1129 1808 amare
1144 1745 1241 1807 uesci-

101 1862 168 1923 mus
183 1843 243 1906 nisi
258 1845 337 1923 quod
353 1865 368 1906 a
385 1847 534 1909 nonnullis
550 1848 647 1910 vocari
668 1835 754 1910 suein
770 1855 941 1930 ψαμμῖτιν
964 1841 1101 1928 ἀροκτην
1125 1843 1240 1922 egregie

100 1943 304 2005 Archestratus
319 1946 495 2024 suppedidat
521 1946 599 2026 apud
614 1946 719 2008 Athen.
737 1945 836 2007 326F.
866 1945 999 2025 lienique
1013 1944 1159 2023 gobium
1176 1942 1241 2022 (Ox.

106 2040 176 2118 tao)
192 2049 246 2103 aut
267 2061 335 2104 saxa
357 2062 519 2124 arenasque
539 2063 638 2106 amare
660 2052 711 2106 aut
726 2046 817 2106 solam
834 2062 953 2106 arenam
969 2061 1035 2104 cum
1053 2042 1161 2104 scribat
1177 2032 1245 2121 Op-¹

100 2140 208 2220 pianus
223 2141 322 2214 1176,
339 2141 451 2214 11458,
475 2143 639 2204 accuratius
661 2142 815 2205 scholiasta
833 2143 869 2204 ad
886 2142 1022 2204 Nicandri
1038 2142 1118 2202 Alex.
1133 2160 1159 2200 v.
1177 2139 1238 2201 390

101 2239 204 2318 gohios
233 2240 355 2303 adnotat
388 2259 455 2302 3333
489 2243 568 2303 iuter
596 2241 732 2321 aquatilia
760 2260 836 2322 quae
864 2241 942 2322 apud
971 2240 1149 2302 Nicandrum
1181 2261 1242 2300 33·

101 2334 252 2420 τρήεντος
281 2331 348 2400 ὑπὸ
379 2335 538 2423 ῥόχθοισι
573 2338 750 2424 θαλάσσης
785 2337 937 2405 κνώδαλα
973 2331 1151 2423 pestanae
1186 2330 1242 2399 ἀεὶ

102 2432 337 2518 ποριβόσκεται
353 2432 486 2520 ἀγμούς.
516 2440 592 2512 Quid
619 2458 688 2501 vero
708 2437 933 2520 333133331311
958 2457 1021 2501 nou
1036 2444 1241 2519 portentosum

101 2527 280 2609 κνώδαλον,
306 2536 356 2596 sed
374 2537 520 2617 placidum
535 2539 643 2602 animal
656 2539 712 2602 sibi
726 2539 820 2611 113311,
846 2539 896 2620 331
912 2539 948 2600 de
963 2539 1090 2618 gobione
1106 2538 1193 2599 haec:
1217 2547 1243 2598 et

99 2636 185 2712 spina
198 2652 306 2696 333333
316 2653 374 2696 333
386 2638 486 2716 gobius
498 2635 575 2700 ullo!
592 2638 662 2700 Mire
678 2658 695 2700 o
711 2638 789 2700 boue
803 2638 943 2719 loqueris,
960 2646 994 2700 ut
1009 2637 1169 2699 memoriae
1179 2645 1242 2698 tra-

101 2733 152 2794 das
165 2752 240 2813 quae
255 2751 276 2794 u
285 2752 328 2794 33
339 2734 578 2799 habeatanimal:
591 2737 699 2799 addere
710 2745 828 2817 poteras
840 2755 937 2817 neque
947 2736 1040 2816 gladio
1052 2754 1121 2796 eum
1135 2752 1243 2796 nocere

101 2837 136 2892 ut
145 2831 265 2911 xiphian
276 2849 373 2913 neque
386 2853 487 2897 morsu
497 2845 566 2915 puta
579 2854 677 2916 neque
689 2835 749 2897 oris
761 2852 875 2897 veneno
886 2853 982 2914 neque
993 2834 1082 2896 rebus
1093 2833 1243 2914 pluribus:

101 2938 217 3009 poteras
244 2932 328 3011 spina
354 2934 443 2995 etiam
469 2934 540 2995 31133
566 2935 661 3015 pisces
676 2935 820 3016 plurimos
836 2952 935 2997 carere
949 2935 1055 2996 dicere.
1086 2932 1243 2994 Sedaliter

102 3031 210 3094 sodalis
239 3042 309 3095 tuus
339 3051 461 3113 graecus
485 3033 536 3112 qui
563 3034 713 3115 1145833.
745 3053 848 3096 morsu
878 3033 998 3114 quidem
1029 3032 1071 3095 uti
1102 3031 1242 3112 polypum

102 3131 284 3212 sepiumque,
311 3131 419 3194 aculeis
437 3150 506 3192 vcro
522 3141 551 3193 et
566 3133 723 3211 gobiouem
748 3141 782 3195 et.
798 3133 984 3212 scorpionem
1008 3131 1177 3211 eisdemque
1190 3129 1242 3189 hi-

102 3229 244 3293 rundines
279 3230 424 3293 dracones
450 3248 596 3311 canesque
627 3233 726 3306 docet,
756 3249 859 3293 omnes
890 3250 941 3293 eos
970 3241 1003 3293 ut
1032 3229 1242 3311 punctionibus

102 3329 237 3391 letalibus
266 3347 416 3391 venenum
446 3330 578 3392 mittant:
608 3325 730 3403 πάντες
759 3325 954 3414 ἀταρτηροῖς
984 3323 1049 3391 ὑπὸ
1080 3323 1244 3410 νύγμασιν

104 3425 157 3491 λὸν
187 3424 304 3503 ἱέντεςς
339 3437 428 3508 31333
457 3429 612 3491 scholiasta
642 3430 813 3510 scorpiones
846 3429 1050 3508 gobionesque
1079 3428 1114 3489 ad
1144 3427 1243 3488 locum

102 3527 205 3589 scribit
230 3527 349 3589 eosdem
375 3547 440 3590 esse
466 3547 541 3608 quos
560 3529 745 3611 κεντρὶνονς
764 3528 795 3589 13
811 3528 873 3589 1313
889 3528 995 3608 degere
1011 3527 1164 3608 Oppianus
1180 3545 1244 3588 me-

103 3625 388 3689 moraverat1378.
430 3627 533 3689 Paullo
559 3628 644 3689 aliter
659 3627 795 3688 helianus
821 3627 846 3688 ll
861 3628 920 3687 3οε
947 3621 1166 3698 ὑπονύξαντες
1193 3622 1244 3687 ἰὸν

103 3719 248 3807 ἀφιᾶσιν
274 3719 404 3803 ἰχθύων
429 3725 549 3807 κωβιὸς
565 3723 621 3787 καὶ
637 3722 768 3808 δράκων
782 3721 839 3787 καὶ
853 3721 1005 3804 χελιδών,
1033 3719 1078 3788 οὗ
1104 3723 1181 3807 μὴν
1206 3720 1244 3795 ἐς

105 3821 306 3888 θάνατον·
337 3819 357 3907 ἡ
382 3824 507 3908 aporuit}
532 3822 570 3887 δὲ
595 3820 786 3887 ἀποκτείνει
813 3824 1015 3908 παραχρῆμα
1039 3824 1084 3905 τῷ
1114 3824 1244 3905 κέντρῳ,

104 3923 161 3985 uisi
190 3926 268 3985 forte
296 3924 375 3984 vocis
405 3944 482 4004 quae
508 3924 585 4005 apud
608 3924 776 4004 Oppianum
807 3932 851 3986 331
880 3919 1074 4006 ἀταρτηροῖς
1103 3919 1243 4001 syllabam

104 4023 231 4102 primam
263 4022 320 4083 vim
352 4023 430 4102 quod
461 4024 508 4084 vix
533 4023 636 4085 eredas
663 4023 828 4102 negativam
856 4023 963 4085 habere
989 4031 1075 4102 poeta
1103 4020 1243 4080 voluerat.

104 4121 166 4181 lam
193 4121 300 4183 latinus
316 4131 401 4201 poeta
418 4140 473 4201 pro
489 4123 590 4184 aculeo
606 4121 721 4201 spinam
750 4123 860 4203 quippe
887 4123 917 4182 iu
943 4140 1029 4183 versu
1056 4135 1168 4199 ponere
1195 4117 1242 4177 in-

104 4220 249 4283 solentius
275 4240 364 4283 ausus
391 4228 445 4282 est.
486 4221 715 4282 Potesttamen
742 4221 870 4283 conferri
894 4221 973 4300 quod
1000 4219 1035 4279 de
1056 4234 1163 4279 araneo
1184 4215 1245 4277 Pli-

106 4317 176 4381 nius
196 4318 235 4380 lll
257 4321 332 4382 too:
371 4338 457 4400 33333
481 4322 649 4400 pestiferum
679 4319 791 4384 animal
819 4339 944 4383 croceae
972 4321 1069 4399 spinae
1097 4318 1129 4376 13
1159 4315 1245 4377 dorso

107 4416 346 4494 3313333333
371 4419 410 4480 113
437 4427 470 4481 31
497 4419 585 4481 etiam
609 4419 776 4500 fragmento
801 4421 843 4482 illi
863 4417 1031 4500 Epicharmi
1052 4415 1128 4496 apud
1153 4414 1243 4476 hthe-
