2902 5040
576 237 820 303 -101-

121 424 313 484 emmelos,
329 424 380 477 oct
396 419 471 478 eires
485 423 593 476 odorra
609 414 683 476 dedit
698 423 749 475 aut
763 412 948 488 celeritatem
969 432 1046 492 quae
1060 433 1165 492 parum
1181 435 1270 478 accu-

121 524 186 577 rate
209 514 287 576 dicta
301 513 520 598 animadverte3
542 512 675 575 celeritas
698 513 777 574 enim
792 512 823 573 ni
838 512 922 573 lallor
935 512 1074 591 primitus
1088 532 1137 574 eas
1153 521 1269 576 tantum

122 612 231 674 bestias
254 621 358 673 notare
381 619 498 692 poterat
520 631 595 691 qnae
618 612 763 690 effugiunt
786 610 895 672 viribus
924 619 1060 672 carentes
1082 610 1270 694 debebatque

121 711 225 773 scribi:
251 712 307 784 „ot
329 711 399 792 quia
423 710 524 771 multis
549 710 671 772 bestiis“
695 711 739 771 rel
763 718 797 771 ut
820 709 1023 771 coniecturam
1044 709 1202 772 faciamus:
1235 711 1269 773 le

120 814 147 872 si
159 810 261 892 quibus
277 809 370 872 hestiis
385 828 446 889 eqs.
481 809 560 871 Haec
574 816 675 870 autem
691 808 786 869 fusius
802 808 985 888 explicantur
1006 807 1038 869 in
1060 808 1125 887 ipso
1142 828 1268 872 excursu

120 909 283 988 poematis3
306 908 388 969 cuius
412 926 516 968 sensus
531 907 577 968 liis
593 906 687 968 verbis
703 906 922 986 comprimitur:
945 905 1050 987 Saepta
1063 911 1144 988 septi
1160 918 1268 970 uotum

120 1017 215 1069 mouet
236 1005 283 1068 vel
303 1009 459 1068 comminus
481 1010 522 1068 tre
546 1009 594 1080 (cl.
619 1005 707 1067 etiam
731 1004 1025 1066 occultationem
1049 1006 1125 1085 apud
1148 1006 1268 1069 Cicero·

121 1102 292 1188 nem127).
334 1106 430 1185 Atque
456 1121 650 1167 cumosicum
675 1107 772 1183 sagaci
793 1107 897 1166 virtute
923 1105 1050 1166 venandi
1063 1105 1137 1182 (llal.
1155 1105 1194 1166 75
1208 1107 1266 1187 sq.)

119 1204 301 1266 contendere
316 1204 398 1266 iurat
409 1205 467 1266 Cic.
484 1209 501 1278 §
516 1202 590 1265 158:
628 1200 740 1265 Cenum
752 1248 759 1262 .
773 1249 779 1264 .
795 1211 896 1263 ..tum
910 1201 1083 1264 incredibilis
1098 1203 1137 1264 ad
1150 1207 1265 1266 inverti-

117 1303 244 1382 peadum
270 1307 410 1383 sagacitas
431 1306 557 1374 aramum,
586 1312 666 1364 tantu
682 1303 818 1365 alacritas
840 1304 871 1363 iu
895 1302 1043 1378 venundo3
1065 1301 1101 1363 cf.
1119 1303 1265 1366 Plutarchi

117 1421 148 1482 p.
165 1400 227 1464 969
243 1402 274 1463 B.

205 1501 263 1565 Sed
288 1500 368 1564 enim
392 1501 423 1563 in
447 1499 509 1561 r.3
532 1507 619 1580 poeta
642 1499 732 1562 simul
755 1499 864 1562 mirum
880 1499 911 1561 in
934 1500 1058 1562 modum
1081 1501 1265 1581 exaggeravit

118 1604 181 1662 iem
205 1600 385 1680 verteritque
408 1607 442 1662 ut
464 1599 587 1662 adderet
609 1599 646 1660 de
668 1600 777 1661 ritulo:
799 1597 860 1671 Qui
881 1601 1008 1662 nondum
1027 1603 1100 1680 gerit
1120 1604 1152 1661 io
1166 1611 1265 1663 tenero

116 1705 177 1763 tom
192 1718 301 1762 cmmue
314 1701 419 1780 srorcte.
458 1700 540 1772 Quae
562 1717 577 1759 a
600 1716 632 1759 re
654 1700 748 1761 aliena
764 1698 932 1761 Lucretiani
955 1698 1010 1760 loci
1031 1699 1188 1761 imitationi
1211 1701 1263 1762 de-

117 1801 227 1862 bentur
251 1798 346 1860 notati
378 1798 437 1859 iam
460 1817 476 1859 a
499 1798 649 1878 Zingerleo
672 1799 783 1880 quique
805 1799 844 1860 ita
867 1800 930 1860 sere
952 1817 968 1860 a
991 1797 1170 1860 doctissimis
1193 1799 1263 1879 viris

115 1898 216 1960 editur
234 1899 257 1959 V
272 1896 367 1959 1028:

217 2038 254 2097 bt
277 2036 373 2097 varios
395 2036 512 2116 linguae
535 2036 652 2098 sonitus
675 2044 780 2097 natura
802 2033 918 2114 subegit

216 2137 332 2197 Mittere
356 2143 386 2197 et
408 2136 518 2198 utilitas
542 2135 687 2214 expressit
712 2134 833 2195 nomina
855 2153 967 2208 rerum,

217 2235 284 2296 Non
307 2233 362 2295 alia
385 2235 471 2314 longe
494 2233 609 2296 ratione
632 2239 721 2314 atque
742 2233 805 2313 ipsa
828 2233 944 2295 ridetur

218 2333 391 2395 Protrabere
415 2331 451 2393 ad
474 2339 590 2411 gestum
612 2350 720 2412 pueros
743 2332 867 2394 infantia
889 2331 1007 2412 linguae

215 2432 288 2493 Cum
312 2431 381 2492 lacit
404 2440 437 2492 ut
460 2431 551 2510 digito
574 2450 652 2512 quae
674 2432 734 2493 sint
756 2431 921 2511 praesentia
944 2437 1124 2492 monstrent.

214 2530 311 2612 Sentit
333 2530 411 2591 enim
435 2530 493 2591 rim
516 2530 643 2611 quisque
666 2549 749 2592 suam
773 2531 872 2612 quoad
894 2529 989 2609 possit
1010 2529 1101 2591 abuti.

215 2630 356 2690 Cornua
379 2636 449 2691 nata
470 2629 554 2708 prius
578 2629 697 2691 ritulo
720 2647 808 2710 quam
830 2629 981 2692 frontibus
1004 2635 1105 2690 extent

214 2729 273 2790 lllis
296 2727 390 2788 iratus
412 2727 486 2807 petit
508 2737 597 2809 atque
620 2727 746 2790 infestus
769 2728 897 2808 inurget.

214 2828 251 2887 bt
273 2826 388 2888 catuli
410 2827 624 2906 pantherarum
647 2827 819 2908 scymnique
842 2828 999 2888 leonum

214 2925 367 3006 Unguibus
390 2944 423 2986 ao
444 2925 569 3006 pedibus
592 2926 652 2986 iam
674 2934 739 2987 tum
762 2943 961 3006 morsuque
983 2938 1212 3008 repugnant,

212 3025 265 3087 Vix
287 3023 375 3085 etiam
399 3042 466 3085 cum
489 3032 559 3086 sunt
581 3024 686 3086 dentes
708 3042 883 3105 unguesque
906 3024 1006 3086 creati.

212 3123 380 3184 Alituum
404 3141 493 3202 porro
516 3142 610 3202 genus
634 3124 686 3184 alis
710 3142 799 3185 omne
821 3123 954 3185 videmus

211 3222 316 3284 Fidere
339 3231 368 3284 et
392 3242 407 3283 a
430 3222 556 3302 pinnis
578 3222 740 3284 tremulum
762 3230 864 3302 petere
886 3222 1068 3285 auxiliatum.

110 3351 168 3412 Sed
193 3351 272 3412 enim
288 3352 444 3415 Lueretius
468 3371 555 3434 quem
579 3351 683 3430 legisse
707 3351 826 3434 quidem
849 3351 940 3413 libros
956 3350 1110 3433 Chrysippi
1134 3352 1257 3414 minime

109 3449 305 3531 improbabile
320 3462 365 3513 est
380 3451 430 3530 (cf.
443 3451 511 3512 adn.
524 3449 657 3511 Munrois
673 3449 708 3510 ad
725 3450 738 3510 l
754 3449 824 3510 430.
838 3448 910 3511 459.
925 3448 985 3511 782
1009 3460 1039 3513 et
1053 3450 1187 3531 passim),
1211 3448 1256 3513 ta-

110 3569 182 3612 men
197 3568 318 3631 prorsus
335 3550 413 3612 aliud
430 3551 475 3613 his
492 3549 634 3630 exemplis
658 3549 733 3610 ellici
748 3547 854 3610 roluit:
877 3548 977 3610 infans
993 3550 1152 3630 antequam
1171 3549 1256 3631 loqui

109 3657 209 3729 potest
229 3649 288 3711 iam
303 3649 360 3710 vim
378 3656 477 3712 tamen
492 3657 729 3730 potestatemque
745 3646 885 3728 loquendi
900 3647 956 3708 sihi
971 3649 1138 3711 adfuturam
1154 3649 1254 3712 sentit.

108 3747 211 3829 ltaque
233 3767 336 3821 rerum
359 3749 478 3829 pondus
500 3749 578 3830 apud
594 3747 765 3810 Lucretium
789 3747 920 3828 positum
943 3747 1041 3808 estin
1064 3767 1135 3810 voce
1152 3753 1255 3829 prins-

108 3865 195 3926 quam
218 3856 248 3907 et
271 3851 328 3909 oric.
374 3847 513 3928 Sequitur
535 3855 634 3908 autem
669 3865 716 3907 me
749 3845 844 3907 iudice
867 3845 1048 3907 uicinae
1072 3847 1183 3927 quiite
1206 3848 1254 3909 in-

108 3945 190 4008 libris
215 3954 273 4006 est:
297 3943 387 4007 Sentit
414 3950 489 4008 enim
515 3949 558 4008 cis
580 3949 695 4028 quisque
720 3965 804 4008 scum
829 3945 904 4026 quod
920 3949 1008 4025 possit
1027 3945 1108 4006 abuti
1127 3947 1255 4025 graviter

107 4044 278 4106 destructus
300 4044 338 4106 sit
360 4065 393 4107 ac
415 4045 500 4106 foede
528 4045 723 4125 interpolatus
753 4044 901 4126 siquidem
924 4043 1041 4106 dedisse
1064 4063 1185 4106 necesse
1210 4054 1255 4108 est

106 4154 239 4224 poetam:

210 4255 307 4317 Sentit
330 4256 409 4318 enirn
432 4255 475 4317 vis
497 4255 624 4336 quisque
646 4258 729 4337 prins
753 4275 841 4338 quam
863 4256 958 4338 possit
980 4255 1076 4330 abuti;

106 4383 238 4463 prodidit
253 4403 285 4445 se
307 4383 501 4464 interpolator
517 4401 586 4444 voce
601 4400 696 4445 strum:
719 4383 829 4464 qnippe
851 4386 909 4447 otia
923 4383 1019 4461 legere
1033 4381 1083 4446 ille
1098 4381 1156 4445 sibi
1172 4382 1253 4447 ride-
