2902 5040
664 319 906 383 -194-

217 494 372 559 llmoribus
400 496 443 558 rei
471 496 652 559 iucunditate
673 496 805 576 pellioior
831 505 866 560 ut
887 497 1005 559 alterius
1035 495 1090 559 looi
1112 495 1354 560 emendationem

216 596 373 675 adiungam
395 595 529 678 quamvis
548 595 638 676 palari
654 615 671 659 a
687 596 809 659 metrico
831 598 947 659 tramite
968 596 1082 657 uiderer
1096 613 1252 676 —neque
1273 596 1353 658 enim

216 694 310 756 solam
331 694 376 756 vel
401 695 601 758 coniecturam
631 714 712 766 esse,
742 695 852 757 nedum
880 696 911 757 in
937 692 1105 764 amoribus,
1130 692 1205 756 bene
1226 703 1273 755 ost
1296 716 1355 767 -;

216 811 285 856 nam
301 794 374 857 loeta
389 793 519 875 quidem,
542 795 671 857 sednon
692 794 839 857 intellecta
861 795 935 857 haec
955 793 1073 857 invenio
1088 794 1188 855 timor.
1205 792 1280 865 114,
1297 793 1353 854 30:

315 906 499 969 clamabam:
519 907 622 971 Scelus
644 907 793 980 estimes,
814 908 911 970 soelne
933 926 1019 970 urere
1038 906 1146 970 erinon

358 1006 471 1086 Sponte
492 1007 606 1069 deoent.
651 1006 753 1087 sapiti,
776 1010 880 1079 terrea,
903 1024 990 1086 poree
1011 1015 1074 1068 tuo.

315 1103 378 1165 l'im
398 1105 504 1185 proed
525 1106 594 1169 hino
614 1124 742 1169 10111010.
787 1105 855 1168 Non
877 1112 923 1166 est
945 1104 996 1185 qui
1019 1103 1125 1167 debeat
1147 1104 1209 1167 uri:

358 1202 461 1266 Erudit
481 1205 615 1269 admotas
637 1205 701 1287 ipse
722 1206 844 1287 capillus
866 1224 944 1268 eone.

215 1313 348 1376 Primum
370 1315 450 1376 enim
473 1317 554 1379 hnesi
574 1336 629 1395 ego
651 1336 797 1398 parumne
823 1318 959 1380 acutulus
987 1335 1026 1378 11
1052 1333 1159 1396 parurn
1186 1312 1353 1375 emditulns

215 1433 310 1475 essem
323 1415 402 1493 quod
414 1416 597 1477 erudientem
609 1417 701 1479 istum
714 1419 814 1480 neseio
825 1436 883 1499 qua
899 1415 1066 1478 eruditione
1079 1412 1218 1492 oapillum
1235 1428 1354 1490 sempm

214 1513 375 1575 demiratus
400 1532 507 1576 essem
551 1514 683 1595 [lenique
712 1535 780 1578 vero
809 1515 954 1577 acuminis
980 1512 1090 1593 aliquid
1117 1510 1256 1573 eruebam
1283 1528 1350 1570 vere

215 1612 319 1674 ludiori
351 1612 492 1693 quodque
523 1612 550 1674 si
581 1632 644 1675 non
676 1615 785 1694 pluouit
811 1622 916 1693 poetae
947 1611 1085 1674 debuisse
1112 1618 1213 1672 tamen
1239 1608 1352 1688 plooere

214 1711 354 1774 dixerim:

314 1823 379 1886 um
401 1825 504 1904 proonl
526 1824 595 1886 bino
616 1842 745 1887 10111010.
789 1824 855 1886 Non
877 1832 923 1886 est
945 1822 996 1904 qni
1016 1820 1121 1884 debeat
1143 1819 1206 1882 uri:

355 1924 426 1985 Uret
447 1932 482 1984 ut
502 1924 635 1985 admotas
656 1925 721 2004 ipse
743 1924 863 2003 capillus
885 1940 963 1985 11111.

215 2046 316 2128 Neque
338 2049 396 2109 tale
418 2048 545 2112 alienum
568 2070 585 2112 a
608 2070 641 2112 se
669 2068 795 2112 acumen
824 2060 910 2130 poeta
940 2048 988 2139 ille
1017 2045 1131 2127 putavit
1157 2044 1209 2126 qui
1232 2044 1302 2106 liet.
1317 2042 1353 2104 tv

216 2144 274 2206 194
297 2147 332 2207 ad
355 2147 516 2210 Volcanum
538 2149 626 2211 verba
650 2149 755 2212 edidit:

312 2256 424 2340 Nempe
445 2261 504 2322 tuis
528 2279 633 2324 omnes
655 2261 706 2343 qui
727 2270 823 2323 terras
844 2257 963 2339 ignibus
984 2258 1055 2332 uris,

312 2359 411 2420 Ureris
433 2360 499 2439 igne
521 2378 606 2423 novo.

298 2471 393 2549 Atque
417 2471 463 2532 his
485 2470 628 2534 absolutis
651 2489 718 2533 oum
742 2468 812 2552 quid
842 2470 873 2532 in
896 2470 1001 2532 litteris
1023 2464 1212 2532 aestimandis
1235 2465 1349 2529 numeri

212 2565 357 2628 observati
390 2566 487 2631 volent
516 2568 695 2632 intellexeris
722 2589 818 2649 neque
847 2568 1035 2650 inopinatum
1059 2586 1155 2648 neque
1182 2566 1349 2646 inoptatum

213 2664 251 2726 de
273 2662 389 2727 Tibullo
411 2668 553 2731 iudicium
576 2686 678 2731 meum
702 2686 749 2731 1110
771 2669 947 2732 oonh'rmare
969 2667 1090 2729 videbis.
1134 2665 1231 2727 Statui
1253 2670 1352 2726 autem
1386 2711 1390 2719 .

214 2764 234 2824 l.
249 2764 268 2824 l.
285 2783 313 2845 p.
327 2763 369 2825 48
403 2787 418 2828 a
445 2768 563 2831 Tibullo
586 2779 616 2832 et
639 2770 780 2832 Nemesin
813 2777 881 2850 post
908 2769 1018 2830 lleliarn
1053 2766 1191 2847 scriptam
1223 2780 1292 2824 esse
1325 2768 1368 2823 et

213 2864 372 2944 Sulpiciam
387 2874 457 2946 post
468 2868 618 2941 Nemesin,
631 2868 824 2932 suadentibus
840 2865 1092 2930 observationibus
1104 2864 1141 2927 de
1152 2861 1223 2936 PQS
1234 2870 1267 2923 et
1279 2854 1352 2933 rot]

212 2979 266 3040 per
294 2970 354 3024 tres
381 2966 493 3027 sensim
523 2967 630 3046 gratim
653 2969 745 3048 magis
767 2969 890 3030 excultis
919 2976 950 3029 et
972 2965 1009 3027 de
1031 2964 1303 3026 tt.n.ra1eseeme
1321 2967 1353 3022 et

213 3060 249 3120 de
272 3060 294 3120 N
310 3062 335 3122 ll
362 3064 434 3126 mira
468 3065 674 3146 progressione
706 3067 957 3129 increbresoente.
1001 3065 1086 3137 Quod
1120 3080 1188 3126 roro
1219 3060 1352 3124 otrmina

213 3156 280 3219 libri
302 3163 398 3242 quarti
421 3161 518 3227 2-7
542 3172 571 3226 01
596 3165 633 3225 13
649 3184 694 3247 eq.
716 3186 732 3228 a
755 3166 876 3228 secundi
898 3165 965 3228 libri
986 3171 1049 3225 arte
1063 3162 1193 3243 paullulo
1213 3159 1353 3223 renodare

213 3256 349 3322 videntur
364 3264 400 3324 de
413 3262 484 3324 PPS
501 3265 607 3343 (semul
620 3265 702 3329 enim
718 3264 787 3327 t‘l’s
806 3264 854 3327 hic
866 3264 946 3327 inter
961 3259 1098 3344 ddssuu,
1121 3260 1180 3323 itho
1192 3257 1352 3334 11110125),

211 3355 281 3418 inde
304 3359 378 3421 nihil
401 3361 528 3425 eflicitur
550 3383 603 3443 pro
631 3363 698 3426 libri
727 3363 822 3444 quarti
850 3362 1027 3426 hexametris
1050 3360 1105 3423 73:
1131 3357 1243 3425 eodiret
1263 3355 1350 3421 buius

213 3470 285 3517 usus
317 3458 440 3521 11110111
473 3460 567 3542 copiis
594 3462 786 3543 amplioribus
815 3463 989 3527 illustranda
1016 3469 1087 3524 erut
1130 3459 1270 3521 Attamen
1296 3455 1352 3518 huo

211 3553 247 3614 de
270 3556 442 3632 quaestione
463 3559 548 3622 aliter
562 3561 695 3640 Zingerle
717 3561 856 3624 iudicavit
876 3562 909 3625 in
924 3561 1067 3623 Weiteres
1082 3578 1117 3622 zu
1131 3558 1192 3621 den
1207 3555 1352 3639 Sulpicia-

212 3652 324 3730 elegien
348 3655 399 3716 des
414 3656 547 3721 Tibullus
571 3658 681 3738 (lleine
703 3661 773 3741 phil.
789 3661 932 3722 Abhandl.
949 3660 974 3721 ll
988 3678 1018 3741 p.
1034 3660 1175 3740 lhsqq.);
1197 3673 1351 3719 commen-

211 3751 281 3811 dare
314 3752 392 3815 enim
415 3754 444 3815 id
468 3757 547 3838 quod
570 3756 763 3822 autumabant
796 3759 844 3822 alii
871 3758 981 3835 studet,
1014 3750 1121 3839 elegias
1154 3753 1250 3838 quarti
1284 3754 1352 3817 libri

211 3849 336 3929 scriptas
359 3852 436 3914 inter
450 3855 560 3919 Deliam
584 3876 618 3918 ao
632 3858 774 3920 Nemesin
798 3878 873 3932 esse,
896 3857 984 3922 simul
1007 3865 1040 3920 ut
1062 3852 1182 3936 elegiam
1204 3848 1265 3915 na
1289 3871 1351 3916 non

211 3946 247 4008 ad
270 3948 387 4031 ‘librum
420 3954 512 4033 magis
546 3957 710 4019 seeundum
741 3976 831 4039 quam
872 3966 1011 4042 quntum
1044 3955 1199 4020 attinuisse
1232 3959 1351 4016 statuat.

210 4047 306 4127 Atque
328 4050 407 4128 qnod
430 4053 542 4115 exstitit
563 4055 667 4136 uliquis
683 4056 733 4137 qui
756 4057 794 4118 de
815 4056 956 4139 loquendi
978 4053 1255 4120 consuetudine
1276 4068 1351 4134 pue-

211 4145 292 4207 metii
308 4147 467 4212 minusouli
482 4151 543 4212 112
566 4155 646 4234 quod
672 4155 797 4218 disticha
819 4173 881 4220 non
904 4157 970 4238 plue
993 4155 1129 4218 tntdeoim
1145 4152 1352 4234 eompleetltnr

211 4245 333 4307 omnino
357 4248 512 4313 observare
533 4251 642 4333 aliquid
662 4261 749 4336 atque
764 4257 944 4318 contendere
958 4256 1129 4337 susciperet,
1150 4261 1274 4335 stupore
1296 4271 1349 4331 ego

211 4361 272 4404 non
294 4364 384 4424 parvo
407 4349 518 4413 delirus
540 4369 617 4414 sum.
662 4353 759 4417 Nihilo
781 4356 879 4418 minus
900 4352 1031 4420 oudinum
1054 4355 1180 4416 tortasse
1201 4352 1290 4414 modo
1312 4352 1349 4414 nd

211 4442 385 4507 Corinthum
414 4458 501 4528 poeta
525 4452 694 4533 poemation
720 4454 906 4537 scripsissem
935 4473 1015 4519 nuno
1037 4453 1105 4536 quia
1133 4451 1211 4529 aliud
1238 4469 1349 4517 nomen
