2902 5040
674 320 897 385 ...pg..

212 503 328 574 praeter
350 495 502 556 hominem
527 514 592 559 esse
615 496 761 557 dixerant:
791 495 820 556 id
843 494 982 574 placitum
1011 495 1164 574 impugnat
1185 496 1234 557 ille
1257 502 1286 558 ot
1309 513 1358 556 ar-

212 594 361 671 gumentis
383 594 418 654 ab
441 593 503 673 ipsa
525 595 641 656 ratione
664 594 765 673 petitis
793 603 823 655 et
845 594 1131 659 narratiuncularum
1156 595 1298 674 exemplis
1320 594 1357 653 ad

212 691 373 754 bestiarum
396 693 485 753 vitam
502 693 716 772 pertinentium
739 711 811 772 quas
835 694 904 754 dum
928 694 1057 754 adnectit
1080 694 1247 773 paraestioni
1269 692 1358 753 simul

211 791 292 853 locus
316 793 401 851 datur
434 792 527 862 alteri,
553 791 741 855 terrestriam
762 812 801 853 an
824 792 959 870 aquatilia
980 792 1114 861 animalia
1130 792 1286 870 prudentia
1309 809 1358 852 re-

211 890 359 968 liquisque
386 889 544 951 virtutibus
571 899 723 969 praestent
751 911 785 952 ac
813 891 969 951 venatione
1000 898 1130 969 praestet
1157 909 1195 951 an
1224 890 1358 969 piscatio.

211 989 272 1049 lam
295 988 486 1049 Plutarchum
514 988 566 1049 ubi
595 989 762 1050 Stoicorum
791 989 931 1050 victorem
961 990 1035 1067 gerit
1058 989 1238 1068 Chrysippea
1267 1006 1357 1067 quam

212 1086 339 1147 maximo
373 1104 492 1165 carpere
526 1088 635 1165 scripta
669 1104 732 1149 non
765 1089 911 1166 estquod
935 1088 1036 1148 dicam.
1082 1088 1156 1148 Nam
1181 1106 1243 1149 non
1267 1104 1359 1165 agno-

211 1201 294 1244 scere
327 1184 383 1245 iam
419 1202 480 1246 non
513 1195 632 1264 poteras
656 1185 855 1256 Plutarchum,
888 1195 921 1245 nl
944 1188 1019 1247 solet
1041 1186 1104 1248 fieri
1127 1187 1185 1248 isto
1208 1205 1291 1259 acro,
1326 1185 1357 1247 in

210 1282 348 1343 sollertiis
371 1282 428 1344 illis
443 1283 608 1345 scribendis
624 1285 822 1346 adversarium
841 1303 928 1345 suurn
953 1284 988 1345 iis
1005 1286 1075 1363 ipsis
1090 1285 1233 1364 spoliasse
1249 1283 1358 1363 quibus

210 1398 278 1441 eunt
302 1380 470 1443 devicturus
498 1391 550 1443 est.
596 1383 749 1462 vituperat
772 1383 819 1443 bic
846 1402 965 1461 ‹yuoquo
980 1384 1105 1453 Stoicos,
1126 1383 1195 1444 terit
1218 1383 1358 1461 Chrysip-

210 1497 290 1558 pum.
337 1480 510 1559 ldeo‘quod
534 1500 562 1560 p.
586 1481 686 1543 9698
710 1480 877 1543 dialecticos
905 1481 976 1542 dicit
1008 1483 1051 1543 uti
1085 1483 1182 1542 solere
1216 1501 1288 1544 cane
1322 1481 1357 1542 ad

210 1578 411 1656 syllogismum
445 1577 502 1640 τὸν
534 1577 593 1640 διά
625 1575 792 1641 πλειόνων
825 1574 1061 1660 διεζευγμένον,
1096 1582 1177 1642 hunc
1205 1580 1358 1660 Chrysippi

210 1677 300 1738 luisse
323 1670 528 1756 syllogismum
550 1687 675 1739 testatur
691 1678 798 1739 Sextus
814 1678 917 1757 Pyrrh.
937 1679 1042 1758 llypot.
1060 1679 1071 1738 l
1088 1680 1137 1741 69.
1172 1681 1256 1752 Quod
1274 1697 1358 1741 sum-

210 1793 292 1841 murn
318 1784 370 1847 est,
396 1777 467 1837 falso
482 1776 597 1839 Stoicos
620 1777 650 1837 id
674 1794 782 1853 negare
805 1777 883 1849 dicit,
907 1778 1004 1838 inesse
1027 1778 1131 1865 bestiis
1154 1775 1360 1858 προςδοκίαν

210 1871 341 1956 μνήμην
358 1875 527 1956 πρόθεσιν
541 1873 753 1954 παρασκτοην
768 1872 804 1935 τὸ
822 1872 971 1948 ἐλπίζειν
982 1873 1019 1937 τὸ
1032 1873 1221 1938 δεδοικέναι
1233 1875 1270 1939 τὸ
1284 1869 1360 1949 ἐπι·

211 1975 336 2053 θομεῐν
356 1970 394 2034 ad
417 1968 595 2051 ἀσχάλλειν
609 1993 636 2053 p.
655 1973 715 2034 969
731 1974 764 2047 F,
787 1973 860 2034 falso
884 1975 997 2035 referre
1018 1975 1054 2035 ad
1079 1994 1126 2036 eas
1149 1975 1359 2036 tantummodo

210 2069 329 2135 ὡσανεὶ
345 2072 559 2152 θυμοῦσθαι,
583 2068 707 2135 doceat
722 2073 910 2153 φοβεῖσθαι
928 2091 953 2150 p.
972 2070 1031 2131 961
1049 2072 1087 2143 Ε;
1110 2073 1233 2135 eandem
1257 2093 1358 2134 revera

210 2171 243 2231 in
266 2171 422 2250 Chrysippi
444 2171 526 2233 libris
550 2173 699 2233 exstitisse
721 2170 901 2233 sententiam
925 2188 1043 2232 sumere
1073 2171 1173 2231 liceret
1195 2172 1251 2232 nisi
1275 2171 1358 2233 testis

209 2271 338 2331 disertus
356 2270 483 2331 Calenus
507 2278 584 2331 esset
601 2272 637 2330 de
652 2272 725 2349 plac.
741 2270 877 2348 llippocr.
893 2269 966 2328 Plat.
979 2277 1052 2331 torn.
1065 2268 1102 2329 lll
1114 2269 1148 2329 ll.
1161 2287 1191 2347 p.
1205 2267 1358 2350 289sqq.;

208 2369 245 2431 el.
268 2388 296 2448 p.
313 2370 375 2431 431
393 2377 422 2431 et
439 2370 511 2432 476.
556 2371 621 2442 Qua
655 2370 801 2431 sententia
836 2368 1028 2448 Chrysippus„
1049 2367 1155 2429 Stoicis
1188 2365 1376 2431 rationibus'

208 2469 321 2528 lirmata
343 2466 412 2545 quia
435 2476 536 2528 eontra
564 2487 595 2528 sc
617 2468 714 2546 ipsum
741 2486 873 2546 pugnare
900 2465 1054 2528 videbatur
1069 2467 1178 2547 quippe
1201 2468 1250 2548 qui
1267 2469 1357 2548 simul

209 2573 241 2627 ut
254 2565 400 2627 mundum
415 2566 561 2644 optimum
576 2585 641 2628 esse
655 2566 801 2627 evinceret
814 2568 937 2628 virtutes
950 2565 1095 2626 humanas
1107 2565 1242 2644 plurimis
1255 2566 1357 2628 bestiis

207 2681 324 2725 summa
336 2664 469 2725 doctrina
483 2664 644 2735 tribuisset,
654 2666 730 2725 hanc
742 2684 888 2727 summam
899 2662 1064 2724 doctrinam
1075 2663 1252 2729 Plutarchus
1263 2665 1356 2744 Chry-

208 2762 292 2842 sippo
316 2763 424 2841 eripuit
439 2764 646 2842 propositurus
669 2765 758 2825 etiam
781 2764 917 2826 hocloco
934 2762 1081 2823 στωϊκῷν
1103 2759 1357 2843 ἐναντιωμάτων

208 2862 387 2942 exemplum.
437 2862 604 2925 Iucundum
639 2871 736 2924 autem
772 2871 818 2924 est
849 2862 1016 2941 comperire
1049 2861 1128 2940 apud
1163 2859 1354 2923 Plutarchum

208 2961 390 3031 dialecticam
414 2980 533 3040 quoquo
556 2962 703 3023 rationem
732 2981 789 3043 qua
819 2962 857 3021 ad
885 2961 1064 3039 paradoxum
1091 2978 1175 3020 suam
1205 2958 1356 3023 existima·

206 3059 318 3122 tionem
335 3060 530 3139 philosophus
546 3060 681 3139 egregius
697 3061 857 3140 propulsus
879 3059 986 3134 luerit;
1009 3058 1072 3137 ipsa
1090 3058 1244 3138 Chrysippi
1266 3054 1354 3127 verba

208 3158 334 3220 citantur
357 3178 385 3237 p.
403 3157 464 3220 969
483 3153 520 3220 ss‘:
550 3154 594 3230 ἀς
622 3159 667 3238 τῷ
691 3159 804 3242 θνητῷ
832 3157 868 3218 τὸ
898 3153 1073 3219 ἀθάνατον
1095 3152 1276 3218 ἀντίκειται
1300 3151 1355 3217 καὶ

206 3257 252 3335 τῷ
275 3258 418 3341 φθαρτῷ
440 3255 477 3319 το
500 3254 677 3339 ἄφθαρτον
699 3252 756 3320 καὶ
773 3254 900 3339 σώματί
924 3279 961 3334 γε
983 3254 1019 3318 τὸ
1043 3249 1229 3337 ἀσώματον,
1252 3249 1357 3327 οὕτως

207 3351 389 3436 ὑπάρχοντι
412 3358 458 3440 τῷ
480 3356 603 3437 λογικῷ
624 3358 741 3439 χρῆναι
764 3355 801 3421 τὸ
827 3353 947 3433 ἄλογον
977 3351 1193 3418 ἀντικεῖσθαι
1217 3350 1273 3416 καὶ
1297 3349 1356 3415 ἀν·

153 3523 156 3528 ι
205 3451 397 3535 θοπάργειν
419 3456 474 3519 καὶ
497 3453 541 3537 μη
564 3451 668 3538 μόνην
690 3454 725 3518 ἐν
746 3453 901 3526 τοσαῖςδε
924 3451 1094 3532 συζυγίαις
1128 3445 1227 3536 ἀτελῆ
1260 3450 1358 3536 τήνδε

208 3549 390 3616 λείπεσθαι
414 3555 470 3616 καὶ
493 3557 745 3637 πεπηρωμένην.
789 3555 857 3617 Non
885 3555 951 3617 sine
984 3554 1087 3615 fraude
1119 3572 1151 3614 ac
1183 3553 1249 3615 dolo
1284 3553 1356 3614 baec

206 3654 247 3713 ita
270 3653 455 3732 excerpsisse
471 3653 662 3715 Plutarchum
685 3654 716 3714 in
731 3653 887 3733 propatulo
910 3661 969 3715 est:
995 3671 1105 3713 nexum
1123 3670 1223 3714 aarum
1248 3651 1357 3712 delevit

206 3768 266 3830 quo
290 3752 440 3822 conclusio
464 3752 534 3813 haee
554 3760 737 3831 quapropter
753 3752 939 3813 dialecticum
963 3750 1203 3812 versutissimum
1226 3748 1357 3811 tenuerit

206 3850 384 3929 explicatum
413 3867 493 3911 nuno
520 3857 580 3912 tarn
612 3850 738 3911 absurda
761 3869 811 3912 res
834 3859 868 3913 ut
889 3868 963 3931 puer
991 3869 1037 3912 ac·
1051 3849 1217 3911 tirunculus
1239 3849 1356 3911 obicere

206 3965 280 4028 quae
304 3947 413 4011 obiecit
435 3947 610 4010 Plutarchus
633 3948 754 4010 debeat:
783 3946 888 4025 ἄλογα
916 3948 1025 4031 quippe
1057 3948 1157 4009 omnia
1188 3966 1253 4009 esse
1281 3966 1356 4029 quae

206 4057 235 4109 et
258 4043 392 4128 ἀψυχα,
422 4046 501 4108 velut
528 4047 641 4126 lapides
671 4048 860 4128 arboresque.
905 4048 949 4108 lta
980 4065 1041 4109 non
1064 4045 1245 4111 caecutiebat
1269 4047 1357 4110 Stoae

205 4145 453 4225 luxpraesertim
486 4144 517 4204 in
545 4163 577 4208 re
608 4146 688 4206 unde
719 4145 890 4223 gravissima
922 4144 1099 4225 pendebant.
1145 4144 1271 4207 Ratione
1293 4145 1357 4206 dia÷

208 4245 305 4306 schoa
327 4244 442 4320 Stoicos
464 4252 553 4322 atque
577 4244 704 4306 maxime
720 4244 916 4324 Chrysippum
939 4253 1037 4306 totum
1053 4244 1186 4305 divisisse
1203 4244 1352 4307 mundum

203 4352 318 4420 luctum
352 4353 398 4404 est
431 4352 461 4404 et
493 4343 612 4421 quidem
647 4343 788 4404 membris
821 4362 936 4422 semper
969 4343 1053 4404 binis.
1108 4343 1194 4403 blodo
1228 4343 1357 4404 Senecae

206 4443 342 4513 consulas
365 4442 529 4522 epistulam,
540 4439 579 4503 58
597 4450 646 4505 aut
662 4442 811 4504 Ciceronis
827 4443 869 4503 lle
885 4444 962 4505 ostio.
979 4443 1004 4502 ll
1023 4444 1055 4502 ll
1077 4450 1128 4502 aut
1151 4460 1232 4522 quae
1248 4443 1356 4522 largius
