2902 5040
654 283 896 348 -120-

206 483 292 527 curas
315 463 447 526 librarios
470 482 529 544 quo
555 462 667 525 facilius
689 464 725 526 ad
748 480 880 524 errorem
902 461 1021 524 deducti
1038 462 1108 534 sint,
1135 462 1193 523 boc
1216 462 1247 522 ni
1264 461 1350 523 iallor

207 562 416 644 praebabebis:

306 706 343 766 Et
356 705 515 786 squatina
539 712 576 766 et
597 704 700 767 tenui
720 705 850 767 sullusus
866 705 1008 784 sanguine
1025 704 1143 767 mullus.

206 858 304 920 libine
328 857 407 920 enim
433 857 602 938 squatina
632 874 750 937 semper
776 857 897 932 dicitur,
925 857 1019 919 semel
1046 865 1162 920 tantum
1188 867 1351 940 squatus

207 959 285 1037 apud
301 956 430 1018 Plinium
446 955 553 1016 xxxn
572 957 631 1016 150
647 973 746 1035 neque
761 957 947 1018 considerate
963 957 1070 1018 Ulitius
1089 956 1146 1018 hoc
1172 959 1266 1036 magis
1294 977 1352 1020 no·

207 1075 276 1118 men
307 1075 396 1136 quam
427 1056 499 1117 illud
528 1054 564 1116 ad
593 1063 725 1116 nostram
760 1056 957 1136 corruptelam
992 1056 1149 1119 admovere
1174 1076 1266 1119 ausus
1294 1066 1351 1119 est.

207 1155 283 1228 Quid
298 1151 404 1216 anim?
428 1154 534 1217 unicus
549 1155 597 1215 hic
611 1154 687 1215 Plini
702 1154 784 1216 locus
798 1173 876 1216 anne
892 1155 964 1216 falso
987 1154 1115 1233 scriptus
1139 1175 1204 1217 esse
1229 1152 1352 1237 potest?

207 1254 378 1334 squalorum
393 1253 474 1315 eninr
489 1254 607 1333 generis
631 1254 759 1332 speciem
787 1253 938 1333 squatinae
964 1270 1028 1315 esse
1043 1253 1113 1325 scis;
1141 1255 1245 1335 quidni
1261 1255 1353 1334 igitur

208 1352 337 1413 Plinius:
371 1353 455 1414 abiae
474 1371 556 1432 quem
587 1353 722 1432 equolam
742 1349 900 1412 ooccmca‘l
934 1351 1010 1424 Quid
1034 1353 1113 1432 quod
1137 1353 1249 1414 Plinius
1271 1354 1352 1415 idam

207 1451 247 1512 lll
265 1450 325 1511 162
339 1450 473 1513 referens
488 1451 539 1530 qui
553 1449 649 1530 pisces
663 1451 780 1529 pariant
800 1450 911 1512 circum
931 1450 1152 1530 aequinoctium
1167 1451 1352 1514 Aristotelica

208 1549 295 1611 verba
312 1569 342 1630 p.
357 1548 480 1611 utana
495 1547 551 1610 acl
568 1546 689 1630 σάργος
703 1549 758 1610 καὶ
774 1544 876 1632 νάρκη
890 1544 948 1610 καὶ
963 1546 1053 1632 ῥίνη
1068 1551 1165 1613 tribus
1180 1551 1353 1614 nominibus

208 1649 313 1729 positis
336 1658 366 1710 et
381 1666 535 1726 sargorum
556 1657 586 1709 et
608 1649 772 1728 torpedinis
799 1658 829 1710 et
850 1649 1069 1729 squalorum
1095 1649 1213 1711 curiose
1238 1650 1356 1730 effingit

209 1747 257 1827 (cl.
274 1748 350 1810 inlra
371 1767 399 1828 p.
419 1744 516 1827 143)?
545 1750 591 1808 hu
617 1747 682 1826 quis
709 1747 798 1808 etiam
824 1748 872 1808 bic
894 1767 1060 1828 supponere
1085 1757 1208 1829 squatos
1234 1759 1354 1830 paratus

209 1845 288 1909 crit-l
317 1847 543 1909 [iubilationem.
565 1855 666 1907 tamen
689 1846 817 1907 movebit
841 1846 1001 1909 laterculus
1018 1847 1128 1909 Polemi
1148 1848 1220 1910 Silvi
1239 1848 1271 1909 in
1294 1868 1354 1929 quo

210 1947 405 2009 ellunduntur
441 1946 562 2007 nomina
601 1954 776 2007 cunctorum
807 1945 984 2025 spirantium
1018 1964 1093 2025 quae
1122 1946 1178 2008 sub
1208 1946 1355 2009 Suetonio

210 2048 359 2128 adponere
375 2044 614 2107 Reifferscheidio
641 2043 772 2125 placuit·
787 2044 852 2107 vide
878 2046 959 2107 Suet.
976 2044 1101 2126 Rolliqu.
1117 2044 1256 2125 pagiuam
1273 2045 1354 2122 2593

210 2145 251 2207 ibi
277 2146 357 2208 enim
383 2146 462 2206 inter
486 2144 650 2206 natantium
677 2143 798 2205 uomina
819 2153 979 2224 squatus
1003 2143 1167 2205 exhibetur.
1198 2145 1257 2206 Sed
1273 2146 1355 2207 unde

210 2246 284 2306 haec
298 2244 413 2306 bomini
429 2243 605 2306 aliluxerant
619 2260 681 2304 non
708 2241 765 2304 nisi
790 2243 827 2304 ad
855 2241 942 2304 uilem
958 2242 1124 2304 doctrinam
1139 2240 1264 2322 parato?
1294 2243 1354 2305 Po·

211 2353 288 2406 lerat
313 2352 393 2405 certe
418 2343 524 2422 ipsum·
545 2341 673 2402 Plinium
699 2342 780 2403 adire
804 2350 893 2421 atque
919 2359 981 2402 non
1006 2349 1122 2423 poterat
1148 2351 1274 2418 tantum,
1300 2343 1356 2406 scd

211 2443 282 2503 satis
303 2442 364 2522 ipsa
386 2459 419 2502 re
438 2438 630 2517 invitabatur,
650 2440 790 2520 quoniam
806 2441 863 2502 hoc
878 2440 1004 2501 maxime
1019 2457 1126 2521 promo
1141 2448 1171 2502 et
1185 2442 1283 2505 condo
1297 2459 1356 2505 no·

213 2540 345 2602 tiliarum
369 2540 504 2601 omnium
531 2539 574 2600 uti
600 2547 681 2600 actas
706 2538 808 2600 intima
834 2539 921 2601 solita
947 2549 993 2600 est
1019 2557 1118 2620 neque
1143 2558 1207 2602 nou
1221 2541 1286 2621 ipse
1300 2541 1356 2603 lsi-

214 2639 304 2700 dorus
329 2638 362 2700 iu
378 2637 531 2718 Originum
551 2636 626 2698 libro
642 2637 694 2697 llll
710 2637 882 2718 aquatilium
908 2639 1030 2700 nomina
1056 2646 1250 2702 contrectans.
1282 2641 1356 2704 lude

214 2737 363 2818 accepisse
377 2736 610 2817 conscriptorem
626 2736 712 2798 oredo
728 2736 911 2816 incognitum
922 2736 1045 2816 reliquis
1060 2738 1253 2818 scriptoribus
1270 2740 1356 2802 dac-

213 2838 331 2917 tylum
348 2838 398 2912 (cl.
414 2836 491 2897 inlra
505 2855 535 2915 p.
554 2837 625 2910 170)
651 2836 720 2896 inde
747 2835 883 2916 hippoe
898 2835 977 2897 iuxta
1003 2855 1123 2916 equos
1138 2838 1260 2919 sumpti,
1286 2838 1358 2902 inde

216 2935 384 2998 coluthia
410 2935 548 3015 (caludo),
576 2934 795 3014 pectunculi
823 2953 878 3014 pro
904 2935 1071 3014 pectinibus
1096 2937 1194 3016 positi,
1220 2955 1358 3016 porcus

214 3036 350 3107 fumasse,
373 3035 537 3096 arachne
558 3043 589 3095 et
609 3034 665 3106 alii,
688 3033 816 3095 maxime
830 3052 899 3095 uero
922 3053 998 3113 quae
1016 3035 1048 3096 in
1062 3035 1207 3116 principio
1221 3036 1359 3101 locantur

215 3134 366 3196 balaena
387 3133 536 3213 gladius
563 3133 895 3195 musculusserra
920 3141 1001 3196 rota
1028 3151 1108 3196 orca
1133 3135 1359 3215 physeteros

217 3235 330 3314 (pisitur)
347 3232 511 3296 cucumis
534 3232 669 3312 pistris
692 3231 798 3293 deinde
820 3249 940 3312 equus
962 3233 1093 3295 asinus
1119 3233 1216 3296 aries
1231 3233 1359 3314 (Plinius

216 3332 339 3394 scilicet:
366 3336 468 3394 arictes
491 3331 615 3394 masculi
638 3341 664 3392 et
689 3331 742 3393 olii
751 3334 874 3410 piscium
893 3333 992 3411 sorore
1009 3333 1215 3413 quadripedes)
1238 3335 1360 3396 triton

217 3431 361 3492 elefans
373 3466 415 3474 —
429 3432 502 3493 haec
516 3431 614 3492 omnia
627 3431 748 3510 inquam
761 3432 796 3491 ad
808 3449 884 3510 quac
895 3432 1040 3494 accedunt
1053 3432 1131 3493 infra
1147 3432 1314 3495 canicula
1330 3441 1362 3496 et

217 3538 403 3592 cornutus
429 3539 459 3592 et
483 3532 519 3592 ad
545 3529 707 3610 primorem
722 3537 837 3609 partem
854 3531 927 3592 noni
941 3530 1007 3592 libri
1023 3530 1148 3593 Pliniani
1168 3539 1198 3593 et
1212 3533 1248 3594 ad
1263 3532 1359 3613 ipsius

217 3628 359 3690 tricesimi
384 3630 504 3692 alterius
525 3634 542 3705 ξ
561 3629 621 3690 144
647 3629 762 3708 egregie
788 3630 943 3692 adsonant.
984 3631 1096 3691 Tamen
1124 3630 1211 3693 etiam
1238 3631 1371 3709 aliunde,

218 3728 273 3791 alia
287 3728 407 3790 uomina
429 3729 612 3809 constipasse
633 3728 716 3789 illum
736 3729 767 3789 in
782 3728 872 3808 plano
887 3728 1018 3809 positum
1041 3737 1096 3803 est,
1117 3729 1275 3810 praecipue
1290 3729 1360 3792 bar-

217 3829 299 3903 bara,
324 3828 377 3890 sed
405 3829 494 3890 etiam
521 3846 625 3907 graeca
650 3829 790 3889 nonnulla
807 3827 1016 3909 exquisitiora:
1044 3846 1117 3889 num
1134 3846 1301 3892 ancorarius
1314 3837 1362 3892 est

219 3923 453 3991 anodorcas?
467 3946 539 3988 num
563 3928 650 3989 codro
670 3923 844 4007 cordyla?
864 3945 937 3988 uum
957 3945 1051 4006 pocus
1069 3923 1225 4005 sparus?
1243 3931 1362 4008 amaris

219 4022 404 4108 pagurus?
426 4025 558 4107 Danaique
572 4037 691 4107 squatus
703 4026 762 4088 iam
774 4027 894 4088 doctum
909 4025 1040 4088 laterculi
1055 4026 1132 4105 apud
1144 4023 1274 4088 Plinium
1286 4027 1361 4090 falso

218 4127 325 4205 legisse
354 4125 449 4189 conici
474 4132 580 4205 potest.
623 4125 662 4186 Ut
687 4145 754 4188 vero
780 4127 817 4188 ad
842 4125 977 4189 Ovidiaui
1003 4123 1140 4188 carminis
1165 4125 1360 4206 scriptionem

221 4225 438 4288 diiudicandam
453 4225 558 4306 podem
574 4225 739 4287 referamus
753 4234 890 4304 superest
910 4234 943 4286 ut
965 4226 1000 4287 ad
1022 4223 1181 4286 mullorum
1202 4224 1361 4287 similium·

221 4342 280 4404 que
308 4312 492 4387 societatem·
508 4324 676 4404 squatinam
702 4331 800 4405 aptam
828 4343 894 4386 esse
921 4324 1056 4386 doceam:
1088 4321 1241 4403 Oppianus
1270 4323 1362 4403 igitur

221 4421 308 4485 1381
333 4424 368 4485 ad
389 4431 503 4486 cetacea
528 4422 675 4506 pertinere
701 4440 789 4486 canes
815 4421 927 4495 scribit,
954 4440 1061 4486 canum
1088 4430 1188 4484 autem
1212 4421 1270 4485 tria
1296 4438 1360 4484 esse
