2902 5040
561 302 781 367 ..51-

94 475 232 558 quamvis
255 475 408 556 exquisita.
454 475 544 539 Cuius
570 477 603 538 in
632 479 745 553 locum,
774 497 842 541 cum
869 478 900 539 in
929 476 1014 540 libris
1043 497 1149 543 versus
1179 480 1242 544 fere

94 577 161 639 talis
186 583 361 655 appareret:
442 614 447 621 -

198 673 263 736 Otia
287 682 479 754 quaerentem
500 674 612 736 frustra
634 674 733 736 siblite
756 674 814 749 (vel
836 673 948 751 subdite)
970 671 1085 754 pu'ellae

95 785 165 846 olim
189 785 310 864 quidem
333 785 409 847 dolia
431 786 587 848 sollemnia
608 786 713 849 sulleci
735 787 814 848 hunc
835 787 866 848 in
890 788 1029 849 modum:

197 883 278 945 llolia
301 891 478 963 quaerentes
500 883 609 947 frustra
632 885 780 964 supplere,
803 885 935 964 puellae;

94 994 123 1055 id
147 996 228 1075 quod
252 994 315 1055 aliis
337 993 465 1055 fortasse
486 995 620 1057 locorum
642 996 777 1068 aliorum,
800 994 873 1056 mihi
888 995 1074 1075 Propertiani
1096 997 1153 1058 loci
1177 1016 1241 1058 me-

95 1093 222 1154 moriam
245 1093 352 1155 exeitat
373 1093 516 1165 111‚67:
1232 1096 1247 1121 ²

196 1191 280 1253 llolia
302 1191 439 1269 virgineis
462 1191 540 1252 idem
563 1191 611 1252 ille
633 1192 790 1271 repleverit
812 1191 938 1265 umbris;

93 1303 225 1385 supplere
248 1301 327 1364 enim
351 1311 526 1382 usurpatum
543 1304 626 1384 quasi
641 1303 752 1384 replere
769 1304 889 1365 sitnon
906 1304 980 1366 male
996 1305 1128 1383 prolecto
1152 1307 1244 1368 auda·

94 1403 155 1463 ciae
178 1401 310 1462 hominis
333 1402 485 1474 convenit3
508 1403 558 1463 sed
582 1401 669 1464 etiam
686 1401 823 1464 similiter
838 1402 1037 1482 usurpabatur
1052 1403 1158 1466 Ovidio
1172 1404 1241 1466 Met

94 1500 144 1561 Vll
161 1518 188 1560 r.
205 1499 276 1560 291.
322 1499 426 1580 Neque
446 1507 549 1562 tamen
571 1500 603 1561 iu
627 1500 673 1562 his
696 1500 907 1580 conquiescere
935 1519 988 1580 ego
1011 1501 1083 1562 satis
1104 1521 1244 1582 possum3

94 1599 218 1660 modulo
241 1598 321 1659 enim
345 1618 378 1660 ae
397 1597 472 1679 pede
488 1599 614 1678 quisque
637 1618 692 1660 suo
715 1599 802 1660 etiam
819 1608 973 1679 poetarum
990 1601 1159 1662 metiendus
1182 1610 1244 1676 est3

93 1696 145 1757 isti
168 1696 239 1776 quid
267 1696 401 1758 versibus
429 1697 586 1777 iniungere
609 1697 751 1776 placuerit
780 1697 906 1759 doceant
936 1697 1003 1758 libri
1032 1699 1242 1779 manuscripti3

93 1793 228 1855 subitum
252 1795 334 1856 enim
355 1795 510 1873 ingenium
532 1814 548 1855 a
570 1794 694 1856 Tantalo
718 1804 748 1857 et
770 1796 894 1875 Sisypho
925 1796 960 1856 ad
984 1797 1148 1875 puellarum
1177 1807 1243 1860 tur-

94 1892 165 1953 bam
180 1893 336 1954 temeraria
357 1901 388 1954 et
409 1912 572 1973 sanequam
594 1895 685 1956 ardua
709 1895 920 1956 exclamatione
942 1903 1116 1974 provectum
1131 1894 1170 1956 ita
1187 1915 1242 1976 po-

93 1991 154 2053 tius
175 1990 262 2053 rideo
286 1996 326 2064 (u
341 1990 493 2072 239sqq.;
516 1994 708 2073 temptandus
732 1992 821 2053 simul
842 1992 899 2053 luit
921 2011 947 2052 v.
964 1991 1054 2068 tall:

196 2116 323 2178 Terreor
343 2136 360 2178 a
381 2118 473 2178 tantis
496 2116 645 2191 insistere,
667 2123 793 2188 terreor,
816 2115 944 2178 umbris:

197 2215 241 2276 Ad
264 2215 380 2294 Stygias
402 2225 557 2276 revocatus
579 2234 680 2294 aquas,
703 2216 751 2276 vix
774 2215 904 2289 ultimus,
928 2215 1009 2276 amni

197 2313 308 2383 Exstat,
329 2321 480 2374 nectareas
505 2313 604 2374 divom
627 2315 678 2394 qui
699 2314 829 2394 prodidit
851 2333 942 2387 escas,

199 2411 335 2472 Gutturis
356 2410 451 2473 arenti
473 2411 626 2472 revolutus
648 2411 681 2472 in
703 2412 803 2474 omnia
826 2430 925 2473 sensu.

199 2509 278 2582 Quin
300 2528 405 2570 saxum
426 2510 531 2588 procul
552 2511 678 2571 advorso
702 2511 752 2590 qui
777 2520 877 2571 monte
899 2511 1032 2583 revolvit,
1130 2530 1132 2535 ’

199 2607 420 2686 Contempsisse
444 2607 511 2669 dolo
535 2626 622 2686 quem
646 2608 770 2670 numina
794 2609 1043 2682 vindicatorem,

198 2703 267 2768 Otia
288 2714 482 2784 quaerentem
505 2705 631 2767 frustral
677 2706 830 2785 Supplete,
852 2705 984 2786 puellae!

197 2799 256 2863 ltel
280 2803 389 2883 quibus
410 2804 511 2864 taedas
534 2805 701 2865 accendens
724 2803 818 2865 tristis
841 2805 945 2885 Erinys

199 2901 283 2963 Sicut
304 2901 419 2981 Hymen
442 2905 508 2981 (pro
530 2902 602 2976 lata)
626 2902 707 2963 dedit
729 2903 856 2963 conubia
880 2903 995 2964 mortis.

21 3050 31 3065 ·
96 3029 232 3108 Denique
253 3030 476 3092 subtilissimam
499 3031 575 3093 banc
596 3030 628 3090 in
651 3030 751 3092 Culice
778 3030 905 3092 inlracte
927 3031 1067 3111 loquendi
1090 3032 1243 3093 abstinen-

96 3130 168 3190 tiam
202 3129 321 3190 tandem
355 3129 381 3190 si
408 3128 453 3189 dis
478 3129 573 3208 placet
600 3136 784 3208 perspectam
812 3129 918 3209 Vergili
946 3131 1032 3209 pueri
1059 3130 1244 3210 temporibus

97 3226 250 3289 vindicare
272 3227 340 3307 quis
361 3224 505 3289 audebit?
802 3294 804 3300 ¹

184 3325 227 3386 lle
249 3325 463 3405 compositione
485 3324 631 3404 poematis
645 3326 703 3385 hoe
717 3323 941 3387 submoneatur.
975 3327 1057 3399 Quae
1074 3327 1109 3388 de
1124 3334 1245 3406 pastore

97 3432 127 3484 et
150 3423 188 3484 de
204 3422 332 3484 dracone
353 3423 492 3502 leguntur
508 3423 690 3502 prompsisse
713 3423 769 3483 sibi
792 3424 968 3504 scriptorem
988 3444 1024 3485 ex
1039 3425 1188 3502 Georgicis
1204 3425 1244 3486 Ill

97 3520 160 3582 417
171 3538 236 3600 sqq.
259 3521 279 3580 l.
302 3522 321 3581 l.
345 3522 614 3583 demonstravimus
637 3521 687 3597 qui
709 3521 773 3600 ipse
795 3523 877 3583 color
898 3542 913 3583 a
937 3522 1064 3601 Vergilio
1085 3531 1244 3602 promptus

97 3637 134 3679 ex
156 3618 298 3680 Nicandri
321 3618 470 3681 Tberiaeis
492 3620 549 3680 fuit
570 3639 597 3680 v.
615 3618 728 3698 21sqq.
772 3620 815 3680 Ita
837 3621 868 3682 in
891 3620 980 3681 Nucis
1003 3620 1093 3699 elegia
1117 3622 1244 3683 oratoria

97 3717 234 3796 largitate
259 3717 483 3796 profunduntur
512 3736 587 3797 quae
621 3717 652 3777 in
682 3735 769 3796 parco
799 3735 904 3796 graeco
934 3718 1051 3780 condita
1080 3728 1244 3780 cernuntur

98 3815 312 3897 epigrammate
334 3817 423 3877 Anth.
445 3815 503 3876 Pal.
527 3815 568 3876 lX
592 3815 628 3890 33
650 3815 690 3876 ita
713 3817 787 3877 Ciris
809 3825 898 3895 poeta
919 3817 1117 3895 Vergilianum
1144 3817 1244 3878 locum

97 3915 199 3976 thema
221 3914 307 3993 quasi
331 3932 397 3975 esse
418 3933 507 3974 surum
530 3914 609 3993 quod
632 3913 757 3992 explicet
778 3914 842 3993 ipso
866 3915 924 3975 line
947 3915 1085 3976 carminis
1109 3923 1244 3976 testatur.

98 4012 139 4073 Ea
166 4019 268 4074 autem
293 4029 343 4073 res
375 4012 520 4086 inaudita,
555 4012 591 4073 de
624 4011 724 4072 culicis
758 4029 842 4088 agere
869 4013 938 4073 fatis
962 4013 1082 4075 doctum
1115 4021 1243 4092 poetam.

98 4110 461 4190 Batrachomyomachiam
486 4129 570 4171 suam
594 4110 723 4170 Homero
745 4110 880 4172 Romano
904 4110 974 4172 dare
995 4112 1122 4172 voluisse
1144 4118 1246 4189 poste-

97 4209 193 4270 riores
215 4208 266 4285 (cl.
283 4207 451 4269 stati-ain.
472 4208 484 4267 l
504 4208 608 4288 prael.)
632 4209 658 4269 si
679 4208 802 4270 dixerim
823 4228 884 4270 uon
907 4210 983 4270 male
1007 4209 1114 4270 dixisse
1135 4208 1244 4268 videar.

99 4306 160 4368 Sed
181 4307 263 4368 unde
285 4307 409 4368 tandem
431 4307 516 4367 [luxit
537 4307 670 4369 inventio
693 4307 740 4368 illa
764 4316 797 4368 ut
818 4307 934 4369 videtur
950 4308 1077 4369 absurda
1099 4307 1243 4367 insertam

99 4404 259 4466 bestiolam
282 4404 369 4466 istam
393 4404 600 4468 humationem
629 4405 714 4485 quasi
743 4406 789 4468 ius
820 4424 908 4468 suum
937 4406 973 4466 ab
1004 4404 1125 4465 homine
1154 4422 1245 4484 quem
1350 4409 1352 4411 ’

240 4509 245 4516 .
1050 4507 1085 4559 4*
