2902 5040
605 304 851 368 -151-

154 492 317 548 remeant
361 483 525 544 trichiae
570 482 634 543 sed
678 481 713 543 hi
740 477 857 562 μόνοι
888 475 1095 553 ιλςπλέοντις
1117 475 1178 560 μέν
1203 473 1297 540 ἀλέα·

155 585 227 647 soli
249 584 285 644 iu
306 582 468 644 ilietrum
491 579 712 659 emanando.
740 594 867 654 νονταν,
897 575 1137 649 ἐκπλέοντος
1165 571 1202 638 (λ’
1226 571 1299 654 οὐχ

155 683 248 762 more)
279 681 435 745 subeunt
457 688 552 743 etex
575 698 615 742 eo
637 679 712 741 suh*
739 670 933 760 ὁρῶνται,
980 671 1066 756 ἄλλα
1109 675 1167 757 καὶ
1218 669 1299 757 ὅταν

154 780 297 844 terraneis
341 779 407 843 eius
450 778 535 842 vonis
577 767 615 841 in
643 777 711 839 Ha·
739 774 856 861 ληφθῇ
883 797 932 849 τις
947 772 1024 857 περὶ
1040 769 1237 847 Βυζάντιον
1265 769 1298 836 oi

154 879 354 941 driaticum
390 892 486 939 muro
529 876 713 953 defluunt3
741 869 846 946 ἁλιεῖς
875 872 916 935 τὰ
945 870 1062 937 δίκτυα
1092 873 1297 952 περικαθαλ-

153 979 251 1058 itaque
280 984 310 1040 et
339 975 397 1037 illic
419 975 634 1037 descendentes
658 992 713 1036 nec
740 988 835 1054 ρουσι
861 968 920 1033 διὰ
946 968 983 1033 τὸ
1006 991 1050 1053 μη
1042 967 1228 1033 εἰωθέναι
1244 966 1297 1030 έκ-

156 1092 287 1154 unquam
322 1064 484 1136 subeuntes
518 1092 534 1134 e
566 1066 642 1133 mari
668 1067 711 1133 vi·
740 1066 847 1133 πλεΐν.
889 1069 998 1131 αἴτιον
1035 1058 1117 1132 δ”
1097 1091 1148 1131 οτι
1187 1089 1297 1131 ουτοι

152 1181 268 1235 suntur
330 1165 440 1251 (Etiam
482 1173 617 1233 visuntur
658 1186 712 1251 pro
740 1160 861 1251 μόνον
912 1160 1192 1230 ἀνατέλλουσιν
1236 1157 1298 1240 εἲς

152 1268 306 1355 captantur
332 1262 407 1332 duee
432 1264 562 1350 positum
585 1264 711 1330 arbitror
739 1264 806 1330 cdv
823 1258 989 1348 Ἴστρον,
1014 1250 1100 1327 eid
1115 1250 1296 1383 ᾔσχλζεται

152 1362 309 1433 Aristotele
336 1364 387 1449 qui
409 1377 493 1430 antea
520 1358 712 1439 ἐκπλέοντες
739 1360 1042 1430 καταπλέουσιν
1069 1357 1126 1437 εἷς
1151 1358 1221 1427 cdv
1236 1351 1297 1427 'A-

152 1456 184 1530 d
247 1454 306 1547 οὐχ
369 1458 555 1549 ὁρῶνται,
623 1459 874 1549 planedplav,
911 1449 1273 1536 έκπλέοντυςδΗ
1251 1485 1297 1524 α-

152 1560 255 1629 eadem
309 1562 424 1630 ratione
480 1561 588 1627 dieitur
635 1562 710 1626 Plin.
739 1561 963 1627 λλσνονται.
989 1556 1079 1626 ilecto
1095 1548 1209 1625 tradi
1188 1585 1207 1653 η
1224 1560 1296 1642 σχέ-

151 1657 215 1727 vm
232 1654 292 1725 126
315 1658 410 1725 αι’έννο
425 1681 525 1724 ersom
546 1680 712 1743 precepero
741 1655 829 1734 ζεται
844 1660 978 1723 ὓπουλον
997 1658 1085 1724 simili
1105 1657 1203 1723 loco
1194 1678 1226 1723 rn
1240 1659 1296 1723 Mi-

151 1762 187 1824 cl.
209 1758 297 1825 Arist
314 1780 344 1844 p.
361 1756 499 1823 600B6.
543 1756 710 1823 Ferendum
739 1757 802 1824 rab.
829 1759 916 1824 Ausc.
944 1779 971 1843 p.
997 1750 1089 1822 8398
1109 1752 1162 1834 103
1196 1763 1296 1822 tamen

150 1846 221 1924 vero
245 1878 305 1922 non
321 1864 368 1922 est
384 1859 522 1940 deinceps
539 1856 618 1940 quod
638 1854 711 1941 legi·
738 1857 848 1922 latinus
862 1859 1011 1940 interpres
1026 1856 1234 1920 subterraneas
1245 1855 1305 1920 'ves'

151 1969 200 2023 tur
220 1967 248 2021 et
261 1954 320 2021 ellac
343 1956 426 2020 cuius
449 1959 514 2020 loco
535 1958 593 2022 alltc
611 1963 711 2022 contro
737 1973 791 2020 nas
807 1970 977 2020 memorans
995 1947 1102 2037 legisse
1120 1947 1198 2017 aliud
1214 1956 1295 2018 vide·
1298 1958 1301 1963 “

150 2054 374 2142 ipsasententia
387 2056 566 2139 expostulat3
589 2057 709 2137 quod
684 2076 709 2118 sr
737 2058 801 2132 tur3
837 2049 980 2120 nimirum
1017 2048 1130 2119 Plinius
1159 2044 1239 2116 idem
1256 2049 1296 2144 Ill

150 2153 186 2219 ad
209 2152 379 2238 compendii
396 2155 521 2220 abusum
544 2155 709 2235 refugimus
741 2150 799 2214 127
815 2174 859 2235 sq.
904 2150 967 2216 aliis
1011 2152 1220 2235 obtemperans
1263 2154 1295 2215 in

149 2255 319 2330 huiusce,
346 2252 387 2316 ita
414 2255 619 2335 complanatur
645 2271 706 2317 res:
736 2248 917 2316 Adriaticum
934 2269 1015 2317 mare
1030 2253 1066 2317 ab
1089 2255 1165 2316 istro
1180 2247 1296 2316 nullum

149 2348 248 2436 Ιυαριιι
274 2372 288 2414 e
322 2353 468 2416 contrario
501 2348 561 2415 illic
594 2351 707 2415 descen-
736 2350 804 2414 duci
835 2350 949 2427 alveum
985 2354 1154 2435 agnoverat.
1209 2344 1296 2414 Certe

150 2448 244 2514 dentes
275 2469 326 2513 nec
358 2470 486 2535 aequom
518 2448 668 2514 sulcantes
694 2470 708 2512 e
735 2464 798 2513 non
813 2446 954 2516 dissimile
973 2453 1035 2515 veri
1060 2450 1183 2515 dixerim
1210 2446 1295 2537 quasi

150 2552 229 2613 mori
246 2553 400 2627 αι’τιιιυιιν).
736 2550 847 2617 νοτίοιο
861 2548 1018 2616 lectionem
1034 2560 1107 2618 tunc
1129 2546 1294 2616 obtinuisse

736 2634 757 2737 ᾖ
771 2642 959 2730 βυθίζεται.

151 2787 395 2867 Turonorum
428 2794 585 2867 captura
610 2795 666 2853 est
689 2805 708 2848 a
733 2786 927 2865 peonnam
943 2783 1293 2870 καλᾶρχονιαιθη-

150 2886 385 2966 vergiliarum
413 2893 538 2949 exortu
561 2886 601 2948 ad
624 2903 706 2948 arc·
734 2881 931 2969 ρεύεσθαι
959 2880 1292 2966 (οἳθέννοιλᾶπέ

149 2985 222 3050 turi
244 3001 417 3050 occasum·
734 2979 934 3056 marcidae
961 2978 1156 3064 ἀνατολῆς
1175 2985 1293 3064 μέχρι

728 3077 972 3164 Ἀρκτούρου
1015 3076 1187 3160 ἰθύοντας
1253 3081 1293 3147 τὸ

733 3176 881 3259 ἔσχατον.

150 3315 305 3394 Reliquo
359 3322 526 3395 tempore
581 3313 708 3376 hiberno
734 3310 806 3377 τὸν
830 3309 865 3376 0²
891 3306 1014 3376 ἄλλον
1036 3305 1184 3395 χρόνον
1209 3308 1292 3397 duo*

149 3413 273 3475 latent
316 3413 352 3473 in
386 3413 595 3492 gurgitibus
638 3412 709 3474 imis
734 3415 812 3492 χλαυ
841 3409 953 3491 έχουσι
983 3408 1221 3495 deluderet·
1253 3407 1293 3472 du

149 3512 225 3575 nisi
245 3518 373 3591 tepore
404 3511 528 3591 aliquo
562 3510 707 3575 evocati
734 3508 906 3574 λέσκανται
930 3506 965 3573 ‹l'
994 3507 1104 3573 ἔνιοι
1131 3509 1215 3592 περὶ
1235 3508 1300 3574 τὸνΑ

150 3618 210 3673 aut
232 3608 463 3690 pleniluniis
734 3602 852 3693 χρόνον
866 3609 923 3692 τῆς
937 3604 1082 3691 poledae
1096 3606 1295 3672 καὶτούτων

622 3778 625 3784 ,
735 3707 792 3772 καὶ
817 3706 885 3772 τῶν
907 3703 1018 3770 ἄλλον
1040 3705 1129 3779 τινές
1141 3706 1209 3769 τῶν
1221 3727 1291 3788 φοι·

733 3802 880 3871 λουντιιν
903 3802 1149 3886 κινούμενοι
1176 3801 1223 3868 ἂν
1247 3799 1296 3866 ἀν-

733 3902 889 3977 λετινὸς
914 3897 934 3991 ᾔ
960 3897 1293 3976 ὅτόποςκαὶέπμ

734 4004 890 4084 γίνωνται
925 3996 1058 4064 eddius
1088 3999 1292 4084 παράλογοι·

734 4096 806 4167 ἀπὸ
827 4097 891 4184 γὰρ
915 4098 970 4182 τῆς
996 4095 1151 4182 θαλάμης
1172 4103 1290 4185 προέρ-

733 4219 847 4278 χονται
862 4195 980 4281 μικρὸν
1004 4188 1063 4262 tut
1078 4192 1196 4282 νομήν·
1223 4198 1294 4262 καὶ

733 4306 820 4371 τοῖς
847 4289 1137 4378 πανσελήνοις.

151 4416 212 4479 lam
235 4417 341 4498 quibus
365 4416 441 4496 apud
464 4415 652 4478 Aristotelem
674 4413 783 4476 ibidem
807 4414 942 4496 pergitur
964 4410 1031 4477 eloi
1053 4407 1087 4473 δ’
1109 4408 1144 4475 oi
1168 4409 1291 4476 midai
