2902 5040
570 300 809 365 ——165-

123 496 176 556 ego
211 495 279 540 vero
313 476 476 539 mutatione
514 485 657 541 vetustam
695 477 872 558 scripturam
910 477 934 541 si
974 479 1070 558 cogito
1112 478 1265 543 leuissima

122 575 343 647 rescribendum
366 578 487 639 marones
509 595 574 639 esse
596 595 631 639 er
648 575 743 660 1x23
766 583 863 639 certus
885 596 961 639 sume

177 724 182 747 ,
207 673 335 744 Videsne
346 674 475 739 Plinium
492 694 559 739 cum
572 694 634 738 non
649 684 806 756 suppetere
821 676 985 754 catalogum
1000 694 1098 757 nuper
1107 677 1266 761 cognitum-

121 772 357 853 sentiretenam
380 774 533 854 pueriliter
551 793 617 839 rem
638 771 752 853 egerit?
784 775 817 837 ln
834 775 931 839 verbis
953 785 1053 841 eutem
1068 775 1165 850 §.142
1177 795 1265 857 eapte

120 877 288 941 modoetiae
309 873 455 953 conrptcctv'
474 890 535 937 non
559 873 595 939 ed
615 888 721 955 genera
741 875 791 936 sed
808 875 842 936 ad
866 876 1006 939 noimnlc'c
1027 875 1103 939 trebi
1116 877 1265 939 convule-

120 973 170 1043 bat
191 973 325 1052 quamvis
349 972 484 1039 subtilius
506 973 537 1035 id
558 973 624 1035 deri
645 973 766 1038 diceres
812 973 992 1038 Observatur
1015 984 1169 1055 praeterea
1190 993 1265 1039 nnn

119 1073 281 1151 itsrpauca.
295 1071 465 1152 aquatilium
489 1073 608 1137 nomina
631 1073 720 1135 etiarn
742 1072 844 1135 abesse
866 1072 904 1136 ab
925 1074 983 1135 boo
1001 1072 1099 1137 indico
1114 1074 1154 1136 in-
1167 1074 1266 1156 iisque

120 1172 165 1233 vel
188 1190 264 1251 quae
287 1169 317 1231 iu
339 1170 405 1250 ipso
427 1188 509 1232 nono
529 1171 606 1232 libro
631 1171 739 1251 scripta
762 1181 843 1234 sunt.
891 1171 1090 1252 lieniquead·
1117 1173 1261 1242 cnlcnlnnr
1337 1220 1340 1223 ι

120 1288 262 1348 generum
275 1277 410 1335 accurate
418 1270 589 1349 ponendum
601 1269 723 1334 nomina
732 1270 854 1350 catalogi
866 1270 1108 1350 conquisitanon
1116 1271 1262 1350 tuiseevol

119 1371 190 1433 inde
204 1369 351 1447 colligitur
365 1369 444 1448 quod
462 1376 492 1430 et
506 1369 683 1431 lacertorum
698 1388 838 1448 genera
853 1369 884 1432 in
899 1390 935 1431 eo
947 1369 1017 1433 sine
1027 1370 1220 1435 distinrnione
1231 1378 1261 1435 at

42 1517 49 1528 s
119 1487 294 1540 cancrorum
312 1485 454 1547 genera
473 1467 656 1533 inseruntur.
678 1470 773 1549 Atque
784 1469 828 1530 vir
845 1467 968 1550 quidem
977 1469 1027 1531 ille
1042 1470 1266 1535 eruditissimus.

119 1569 170 1650 qui
180 1585 324 1646 generum
337 1585 497 1630 numerum
510 1567 620 1630 CXblV
632 1587 686 1649 per
696 1575 757 1631 tres
769 1568 877 1631 classes
888 1568 1031 1642 finiverat,
1047 1570 1109 1633 sive
1120 1570 1260 1634 Seleucus

117 1671 201 1733 torte?
227 1666 382 1729 Tarsensis
415 1667 470 1730 fuit
503 1667 561 1729 eive
595 1667 668 1731 alius
696 1669 852 1732 doctorum
880 1687 1012 1749 quorum
1040 1669 1164 1731 nomina
1192 1670 1267 1733 alibi

117 1766 442 1851 posnigrdilsrcillimum
465 1785 535 1829 enm
556 1767 689 1832 laborem
710 1767 842 1830 subierat
869 1779 910 1830 ut
924 1767 1060 1831 animalia
1079 1761 1259 1834 abundantia

119 1866 224 1929 similia
241 1864 388 1933 similibus
403 1863 598 1944 subiungeret
616 1875 645 1927 et
662 1865 919 1944 constringeretur
937 1866 1046 1928 classes
1063 1874 1093 1928 et
1105 1869 1265 1947 pauciores:
1300 1867 1304 1876 '

117 1964 330 2044 etgrariercs3
363 1971 393 2027 at
423 1978 491 2027 vcro
520 1963 607 2026 buius
635 1966 713 2044 apud
734 1963 863 2031 Plinium
881 1960 1005 2027 ,laboris
1024 1980 1090 2024 nec
1114 1965 1176 2027 vola
1204 1985 1266 2030 uec

117 2063 272 2142 vestigium
295 2072 455 2145 comparet.
500 2064 579 2138 Quae
602 2063 781 2127 ambianos
808 2061 863 2127 tibi
888 2061 1112 2142 persuadebunt
1144 2072 1182 2125 ut·
1199 2065 1257 2127 iu-

90 2205 92 2213 »
117 2163 213 2225 dicem
242 2163 469 2240 grammaticum
483 2222 485 2227 ,
500 2179 598 2241 neque
621 2181 690 2223 cum
712 2179 838 2224 numero
860 2161 1028 2240 praemisso
1041 2161 1160 2224 Cllblll.
1175 2180 1260 2227 coma

116 2281 207 2325 mnne
230 2262 392 2343 quidquam
415 2262 525 2323 habere
547 2279 646 2341 neque
668 2281 736 2322 cum
758 2260 824 2322 libri
848 2261 919 2323 noni
941 2261 1021 2336 §431
1037 2261 1204 2327 adseverem
1241 2300 1265 2317 ·.

201 2360 316 2436 Quibus
339 2361 489 2424 concessis
512 2359 618 2439 dignus
640 2360 699 2423 iam
723 2361 770 2423 ibe
793 2362 942 2440 catalogus
965 2360 1099 2425 rideatur
1119 2361 1153 2423 in
1167 2362 1258 2425 tonius

116 2469 253 2522 naturam
277 2467 306 2521 et
329 2459 573 2540 compositionem
603 2460 840 2539 cognoscendam
869 2459 1013 2522 curiosius
1040 2459 1260 2525 incumbamus

116 2561 153 2622 Et
174 2560 304 2650 primum
329 2559 447 2640 quidem
477 2558 660 2637 singulare'
651 2577 683 2619 rn
711 2578 746 2620 eo
768 2559 947 2640 percipimus
975 2559 1032 2619 hoc
1038 2559 1132 2645 qnod
1156 2579 1264 2647 graeca¹

116 2657 238 2721 nomina
275 2677 398 2742 prorsus
431 2654 616 2739 inexpectata
649 2676 713 2737 pro
737 2655 900 2735 tritissimis
934 2636 1037 2731 latinis
1050 2646 1258 2745 exhibentur:

116 2756 267 2837 bntrncbos
288 2776 342 2838 pro
365 2757 424 2818 raia
447 2756 491 2818 vel
512 2774 593 2828 rana,
617 2754 721 2839 alopen
742 2773 796 2836 pro
818 2756 914 2834 vulpe,
939 2720 1058 2843 ocv'pbv'ns
1074 2775 1142 2854 pro
1150 2750 1260 2851 gladio,

115 2855 231 2919 cocbloe
256 2854 480 2937 proseuchis,
512 2856 620 2936 oppos
645 2873 699 2951 pro
734 2873 826 2935 equo,
859 2855 961 2916 immor
993 2863 1026 2916 nt
1054 2840 1175 2916 ridetur
1203 2875 1257 2937 pro

115 2952 217 3025 miluo,
249 2955 345 3037 potem
371 2974 425 3035 pro
449 2954 582 3028 mustela,
611 2972 709 3034 neque
731 2971 793 3015 non
815 2972 898 3032 opacos
923 2972 977 3033 pro
1000 2953 1139 3015 caniculis
1160 2973 1257 3036 neque

116 3053 215 3117 minus
238 3038 297 3115 huc
318 3054 472 3134 pertinent
499 3048 532 3115 ea
563 3052 670 3132 quibus
696 3052 786 3113 latina
816 3053 1026 3114 adstruuntnr:
1062 3053 1144 3114 rbo'oe
1176 3073 1257 3134 quem

114 3164 222 3216 sentum
244 3153 302 3227 (vel
317 3151 461 3232 spectum)
477 3170 613 3214 vocamur
628 3160 656 3213 et
671 3152 751 3214 cecide
766 3170 851 3233 poem
865 3168 918 3213 nor
931 3154 1055 3212 urticam
1070 3171 1206 3214 vocemus
1228 3164 1257 3215 et

116 3253 231 3314 belonoe
245 3269 313 3333 poor
329 3252 470 3313 cccloetor
483 3270 624 3312 vocamus.
655 3250 687 3312 ld
704 3245 869 3331 quoquest
884 3269 899 3310 a
915 3249 989 3312 Plini
1005 3268 1061 3312 usn
1077 3259 1107 3313 et
1121 3250 1263 3316 abf‘omni

113 3350 256 3413 latinitate
272 3350 387 3414 'mirum
411 3358 554 3432 quantum
577 3350 674 3412 differt
701 3351 780 3432 quod
805 3368 913 3431 perper
935 3348 1076 3412 scribitur
1103 3369 1157 3430 pro
1184 3362 1261 3414 cons*

113 3470 176 3530 gro,
205 3449 250 3512 rel
271 3449 360 3512 etiam
387 3452 464 3512 colio
494 3446 639 3530 (κωβιός)
662 3467 716 3530 pro
739 3449 873 3530 gobione.
918 3449 1022 3511 ltidem
1056 3460 1152 3512 ostreo
1166 3461 1261 3514 'nem

112 3557 192 3612 trum
225 3567 397 3628 graecorum
433 3567 514 3610 more
548 3549 658 3611 dictum
688 3566 755 3610 cum
779 3550 810 3611 in
833 3548 914 3610 libris
931 3547 1055 3610 lli-lll
1077 3558 1128 3611 ant
1152 3559 1256 3630 regnet

113 3661 164 3714 aut
195 3648 361 3730 praevaleat
382 3658 498 3711 onrene.
543 3647 606 3710 linc
638 3648 743 3728 itaque
767 3647 900 3709 mirabile
929 3646 1058 3727 primum
1086 3649 1170 3728 quod·
1201 3648 1255 3711 ali·'

114 3758 262 3832 quatenus
285 3746 429 3827 explicare
453 3748 615 3828 cupiamus.
659 3747 771 3810 Deinde
793 3765 862 3808 vero
886 3765 1011 3811 summa¹
1025 3748 1159 3827 quaestio
1181 3749 1255 3810 haee

112 3848 279 3912 movebitur
302 3846 353 3926 qui
375 3846 498 3908 omnino
520 3848 632 3909 facturn
654 3847 693 3909 sit
714 3854 747 3909 ut
770 3840 853 3908 sacal
869 3854 1030 3924 στοιχεῖον
1045 3846 1116 3909 baec
1131 3848 1253 3909 nomina

112 3947 247 4011 aPlinio
275 3940 484 4008 exhiberentur
501 3956 543 4012 ,et
569 3946 688 4026 quidem
717 3947 789 4008 haec
815 3945 1037 4019 tantummodo,
1070 3945 1191 4024 reliquis
1224 3956 1252 4009 et

36 4069 39 4082 ‘
112 4057 196 4111 antea
229 4057 259 4108 ot
286 4055 389 4126 postea
417 4045 482 4107 sine
506 4046 565 4108 ullo
588 4046 692 4107 ordine
715 4065 748 4107 nc
770 4045 869 4124 regula
892 4045 1021 4107 adiectis.
1066 4046 1111 4105 dn
1138 4045 1253 4123 integer

111 4147 153 4209 illi
177 4147 325 4225 catalogus
341 4144 458 4206 aliunde
472 4145 586 4208 adlatus
601 4140 789 4225 scriptusque
812 4144 848 4205 ab
864 4163 898 4205 eo
913 4144 969 4205 luit
984 4143 1033 4224 qui
1049 4141 1153 4216 λέξεις
1168 4162 1252 4223 grae-

112 4265 160 4308 ces
182 4244 401 4327 partimlatine
424 4243 531 4323 partim
554 4245 641 4305 etiam
665 4261 765 4322 graece
780 4243 1005 4323 transcripserat
1020 4251 1252 4322 compresserat-

111 4345 221 4427 quein
245 4346 341 4405 artum
364 4361 432 4404 cum
455 4355 559 4422 magna
582 4343 659 4404 haud
682 4341 769 4404 dubie
791 4342 902 4405 iactura
924 4338 1048 4404 rerum?
1089 4343 1133 4402 An
1158 4343 1249 4421 magis

109 4446 209 4528 ipsum
254 4442 380 4505 Plinium
424 4443 556 4523 quamvis
600 4441 739 4503 inscitum
786 4441 904 4503 nomina
954 4449 983 4505 et
1025 4440 1177 4524 collegisse
1220 4447 1250 4503 et
