2902 5040
606 319 850 383 -153—

156 496 293 577 quibus
314 497 475 559 retunde
490 496 713 559 iracundum
743 492 803 569 οἷς
822 491 864 557 ut
884 496 1111 578 περιφερές,
1132 498 1299 575 &eportet

156 597 235 657 reiut
257 595 314 656 hcc
331 594 454 672 vestigio
476 593 602 655 tumoris
625 613 715 674 eppa-

156 703 257 769 rente3
295 697 368 770 (uon
401 693 441 755 ita
476 702 584 755 sonant
612 693 715 755 ultime

156 792 227 855 haec
248 793 333 873 quasi
349 790 384 854 ab
400 792 559 855 Aristotele
574 801 639 855 crte
655 811 715 855 nou

156 890 224 963 siut,
262 890 322 969 uisi
357 891 438 971 qued
471 910 561 954 sensu
591 891 716 954 ridicule

156 988 327 1069 destituitur
350 990 421 1051 iliud
448 990 523 1052 uelut
549 991 613 1066 hcc3
643 1008 714 1053 ccu-

154 1087 225 1163 icie:
273 1088 396 1151 οεῑοααο
444 1092 557 1169 vcstipic
595 1093 716 1152 tuereris

156 1197 327 1266 apperente;
359 1197 501 1269 apparent
535 1187 643 1269 quippe
665 1194 715 1248 tu·

156 1293 296 1364 memque
311 1305 403 1349 venue
426 1294 604 1368 temporum.
641 1285 714 1347 Per-

154 1382 262 1463 gitur):

155 1507 368 1588 Supercilia
405 1508 540 1587 quibus
584 1507 711 1588 perri·
738 1496 807 1568 tine
836 1503 874 1568 δὲ
902 1505 948 1590 τῷ
977 1503 1117 1591 μετώπῳ
1155 1502 1298 1592 ὀφρύος

153 1615 293 1683 guntur
321 1606 356 1667 iu
379 1614 540 1682 rectum,
575 1606 710 1668 melles
738 1603 912 1689 διφυεῖς·
929 1596 1297 1687 ὦναῖμὲνεῦθεῖαο

153 1703 395 1784 significaut3
738 1702 916 1786 μαλακοῦ
962 1700 1091 1785 ἤθους
1133 1716 1298 1788 σημεῖον

154 1801 290 1882 quibus
323 1803 578 1866 iuxtanesum
613 1800 779 1867 fiexaai
829 1800 872 1864 δὲ
923 1802 1023 1887 πρὸς
1080 1803 1149 1886 τήν
1207 1804 1297 1888 ῥῖνα

152 1909 251 1976 sunt,
274 1910 466 1975 auster0s3
737 1899 806 1983 eric
834 1897 1100 1985 καμπολόεηε’
1131 1899 1296 1982 ἔχουσαι

738 2000 939 2082 στρυφνοῦ

153 2097 261 2177 quibus
297 2098 399 2160 iuxta
436 2107 603 2180 tempere
648 2098 710 2158 iu·
738 2093 780 2159 ai
817 2095 859 2160 δὲ
895 2095 994 2181 πρὸς
1029 2097 1119 2171 τοὺς
1155 2097 1295 2179 κροτά-

152 2195 266 2269 fiexu‚
301 2198 506 2272 derisorem
544 2196 653 2277 quibus
677 2196 709 2257 in
738 2215 835 2279 φοος
871 2197 999 2278 μωκοῦ
1034 2195 1099 2259 καὶ
1136 2200 1297 2281 εἴρωνος

152 2303 248 2358 tetum
272 2296 449 2370 demisse,
473 2296 711 2359 malivoloset
737 2290 1295 2381 αἷδὲκαοεσπασμέναιφθό-

152 2395 278 2458 invides·
738 2413 815 2456 νου.
1094 2405 1097 2410 “

151 2533 257 2594 Oculi
305 2532 572 2613 quibuscunque
620 2540 712 2594 suut
740 2524 800 2613 ὑφ’
841 2527 896 2603 αἷς
935 2526 1162 2613 ὀφθαλμοί·
1203 2526 1296 2597 οὗτοι

150 2631 253 2712 longi
298 2630 494 2692 maleficos
543 2630 710 2692 moribus
739 2627 822 2691 κατὰ
848 2626 951 2710 φύσιν
977 2626 1052 2693 δύο·
1076 2628 1200 2695 τούτων
1214 2634 1296 2715 μέρη

152 2748 237 2793 esse
269 2729 443 2790 iudicant
475 2735 608 2809 (prepter
630 2728 711 2790 huuc
738 2746 814 2807 quae
839 2728 900 2788 siut
930 2729 1102 2807 exponitur3
1139 2732 1296 2810 exponitur

151 2828 277 2889 maxime
300 2828 398 2889 lecum
419 2827 640 2889 Gutschmirlius
656 2829 674 2887 i.
689 2828 708 2888 l.
737 2825 807 2905 quid
834 2825 871 2887 sit
897 2821 976 2908 κόρη
1003 2827 1074 2907 quid
1101 2826 1204 2908 μέλαν
1226 2831 1294 2909 quid

150 2927 250 3007 pree
267 2926 467 3006 neglegentiae
479 2926 609 3004 Trogum
622 2944 709 2988 eccu-
736 2920 864 2998 λευκὸν,
899 2924 1027 3006 denique
1061 2927 1130 3006 quid
1161 2930 1295 2989 κανθοί.

151 3024 240 3085 sevit:
264 3024 422 3085 dicendum
446 3024 537 3086 enim·
555 3041 609 3104 pre
636 3026 711 3086 oculi
737 3024 779 3083 οϊ
799 3023 840 3097 th.
865 3042 891 3083 e.
915 3018 952 3084 oi
974 3022 1143 3105 κανθοὶ)
1167 3021 1296 3106 ἂνμὲν
1373 3065 1376 3070 -

150 3122 239 3202 fuisse
256 3124 521 3205 oculorumuttpuli.
547 3124 657 3186 Vereor
672 3142 709 3185 nc
731 3113 808 3207 ὦσι
855 3120 999 3204 μακροὶ
1049 3125 1295 3206 κακοηθείας

150 3220 352 3301 neglegentiae
364 3221 555 3304 doctissimus
566 3223 611 3283 vir
620 3242 708 3285 eccu-
736 3228 902 3302 σημεῖον

149 3320 208 3382 sari
229 3320 293 3400 ipse
315 3319 419 3398 possit.
463 3321 567 3383 Videre
594 3329 709 3400 poterat

149 3418 357 3498 corruptelam.
401 3418 477 3479 Nem
511 3437 548 3480 ue
575 3438 708 3500 premam

149 3517 251 3597 qm'bce
299 3518 446 3596 expectari
490 3536 543 3597 pro
592 3519 708 3598 quibes-

149 3633 267 3696 cunque,
290 3614 512 3677 Gutschmidius
534 3616 631 3695 legere
646 3617 710 3678 ier·

148 3719 227 3789 tasse
259 3712 315 3773 sibi
338 3713 504 3775 videbatur:
539 3715 614 3776 oculi
644 3719 710 3795 qui-

150 3829 257 3893 cunque
280 3809 365 3890 teupi.
410 3811 497 3874 Nunc
518 3831 587 3890 vero
605 3812 709 3888 insane

149 3907 297 3970 eudimus:
330 3908 467 3990 homiues
497 3910 607 3989 quibus
632 3912 709 3975 oculi

147 4006 228 4085 lengi
264 4017 335 4069 sunt
377 4007 510 4069 indicant
547 4010 693 4072 maleficos

149 4104 246 4185 Atque
279 4105 338 4166 iam
373 4105 545 4167 delitescere
582 4108 708 4186 entplius

149 4221 253 4283 verum
276 4221 338 4264 neu
360 4204 484 4284 poterit:
509 4204 594 4267 Oculi
608 4206 730 4286 quibus.

148 4301 255 4384 crepuli-
266 4313 334 4364 surtt
356 4304 434 4383 teupi
447 4305 522 4384 eqs.)

149 4426 216 4500 Qui
260 4444 446 4489 carnosos
490 4448 506 4491 e
548 4429 706 4493 naribus
733 4426 865 4495 caru
892 4429 1291 4519 οἷονοῖκτένεςκρεῶ-
