2902 5040
608 273 829 337 ‚24-

251 447 324 509 Nam
348 448 472 528 cupiunt
493 448 600 509 animis
623 449 748 528 palmam
772 451 962 531 gaudentque
983 451 1144 533 triumphe.
1197 476 1200 483 ·
1229 508 1234 527 1
1281 490 1286 507 .

149 560 184 620 ln
207 578 294 621 versu
317 558 357 620 68
380 559 469 620 nimis
492 560 673 638 ineleganter
700 562 755 623 leci
783 562 911 625 iudicem
941 563 1089 643 duplicem
1117 565 1293 644 accipimus:

149 667 255 739 septem
286 662 384 739 spatiis
411 676 509 739 neque
542 676 604 720 nen
632 662 714 721 circe.
771 660 855 723 Circo
881 661 1036 724 abiecisset
1064 670 1094 724 et
1122 662 1244 725 Ovidius
1264 671 1296 725 et

150 776 239 819 verus
269 757 394 837 quisque
421 765 517 836 pecta.
548 757 643 829 Quam
666 758 734 819 trita
758 759 838 820 enim
861 760 893 822 in
915 760 989 821 urbe
1012 759 1194 823 circensibus
1216 763 1296 825 cele·

150 855 278 935 berrinpa
310 856 402 935 spatia
431 865 543 934 septem
573 857 684 923 fuerint
712 857 782 918 satis
809 856 1003 920 illustrabitur
1029 877 1090 920 unc
1114 859 1195 921 Grati
1217 845 1295 935 lece,

150 953 200 1016 ubi
223 972 332 1033 equum
355 954 455 1015 laudat
475 953 656 1016 indefessum
679 955 767 1017 etiam
790 956 815 1016 si
845 965 1002 1018 centum·
1026 958 1164 1037 spatii-s
1192 944 1297 1038 agatur

151 1059 249 1129 (erant
270 1053 413 1113 nimirum
438 1054 488 1133 qui
504 1052 552 1114 hic
567 1071 685 1134 qupque
707 1063 810 1134 septem
831 1059 930 1134 spatiis
945 1056 1000 1134 legi
1015 1055 1187 1129 iuberentlz.
1205 1064 1296 1136 atque

151 1171 227 1232 quae
249 1159 416 1230 temporum
440 1151 548 1214 iniuria
572 1168 634 1213 non
655 1151 767 1232 integra
791 1159 928 1215 tenemus
950 1159 1029 1215 certe
1052 1153 1221 1223 coniectura
1244 1173 1296 1215 re-

151 1250 319 1328 dintegrare
350 1248 477 1322 iuvabit;
511 1255 582 1310 sunt
615 1254 726 1319 autem,
743 1249 824 1312 Grati
847 1269 951 1312 versus
973 1251 1034 1313 515
1058 1270 1141 1331 sqq.;
1158 1253 1295 1332 ,primum

152 1349 246 1421 enim,
280 1355 314 1408 ut
352 1348 459 1408 mirum
500 1346 570 1408 illud
610 1347 757 1410 marcellis
789 1349 925 1424 tollatur,
962 1349 998 1410 de
1023 1350 1118 1430 equis
1155 1349 1296 1431 Hispanis

152 1448 224 1508 haec
246 1447 323 1525 lege:

251 1559 319 1620 Non
340 1564 439 1618 tamen
462 1555 592 1636 Hispane
615 1524 738 1633 Martem
762 1565 908 1637 temptare
931 1559 1057 1638 maligne

253 1656 365 1717 husim.
411 1655 572 1717 Muricibus
596 1656 641 1716 rix
665 1674 726 1729 ora,
750 1657 863 1719 tenacia
886 1657 971 1781 1ιειι1,
1039 1725 1041 1730 ,
1103 1738 1107 1745 ι

252 1753 437 1814 Concedunt

154 1879 310 1940 Coccedere
333 1879 443 1957 pariter
466 1886 554 1958 atque
578 1880 752 1961 cederepre
775 1880 963 1941 intransitive
986 1878 1174 1956 habendum3
1201 1883 1298 1943 muri-

153 1976 235 2038 cibus
263 1984 416 2056 asperatur
450 1978 583 2051 trenum3
616 1981 751 2040 ccnlerre
782 1977 894 2057 placeat
927 1977 1001 2039 Stati
1029 1978 1098 2057 neh.
1120 1980 1142 2052 l,
1169 2000 1195 2040 v.
1223 1978 1298 2040 221.

152 2076 261 2136 Contra
284 2075 478 2136 Numidarum
502 2094 596 2154 equus
619 2068 820 2152 ἆχαλίνωιος
840 2073 1007 2153 regebatur,
1038 2075 1104 2136 vide
1126 2075 1297 2157 Nemesiani

151 2193 177 2234 v.
202 2173 281 2252 264,
304 2174 435 2235 Crameri
457 2175 513 2234 hn.
538 2173 632 2235 Onon.
655 2174 691 2235 lV
713 2192 741 2254 p.
765 2174 841 2248 2573
864 2190 954 2253 quare
970 2173 1104 2234 infrenus
1124 2173 1194 2235 Afer
1216 2177 1297 2255 apud

152 2271 310 2351 Vergilium
332 2271 416 2332 audit
443 2273 515 2331 hen.
539 2273 585 2357 lV,
612 2272 671 2344 413
698 2272 735 2332 ci.
758 2271 821 2333 Livi
843 2270 894 2345 21,
911 2272 960 2343 44,
990 2271 1042 2332 8111
1064 2272 1110 2347 lv,
1134 2271 1211 2348 3133
1244 2272 1297 2337 sed

151 2371 305 2448 „ignarum
326 2359 453 2429 habenis
471 2369 547 2446 virge
570 2370 666 2447 regit‘
683 2369 832 2430 Claudian.
848 2369 919 2430 Bell.
936 2368 1011 2453 Gild.
1028 2367 1104 2445 4373
1126 2368 1295 2439 Nemesian.

151 2466 223 2529 267.
267 2468 370 2545 ltaque
392 2484 453 2527 non
475 2474 591 2545 poterat
613 2484 675 2528 non
698 2467 738 2531 ita
761 2485 885 2547 pergere
907 2466 1041 2529 Gratius:

381 2570 418 2630 At
440 2575 503 2630 tcta
525 2569 580 2630 levi
602 2566 779 2632 Nasamonia
802 2570 881 2650 virga
995 2636 1009 2657 Ι,

251 2667 349 2746 Fingit
373 2686 476 2748 eques.
520 2667 593 2747 lpsis
616 2666 763 2756 Numidae
786 2669 898 2730 solvere
921 2668 1059 2749 capistris
1131 2727 1136 2745 ,

252 2766 352 2828 dudan
375 2775 405 2827 et
426 2784 461 2846 pa
463 2766 541 2855 tiens
564 2784 688 2847 eperum
717 2784 820 2845 genus

152 2880 233 2940 Ccnl
232 2896 265 2939 er
220 2876 371 2939 lOvidi
394 2880 454 2940 hrt.
479 2851 543 2940 hm.
565 2879 588 2949 l,
605 2879 661 2940 41:
686 2879 755 2941 teris
772 2890 852 2959 potes
873 2883 916 2941 ire
937 2878 1046 2940 seleth.
1096 2837 1206 2941 Deinde
1225 2879 1299 2959 quia

152 2995 296 3039 numerus
326 2976 483 3056 singularis
518 2976 614 3056 (actus
637 2977 842 3052 eluctabitur),
871 2977 1063 3061 insequitur,
1071 2995 1197 3041 nevum
1211 2976 1242 3038 in
1271 2996 1298 3039 v.

153 3075 214 3136 519
237 3075 372 3137 adfuerat
395 3076 576 3149 subiectum3
597 3075 639 3137 ita
662 3077 737 3138 iere:

758 3172 811 3234 llic
833 3190 929 3253 equus
951 3190 1069 3233 acer

255 3271 381 3333 Centum
405 3280 451 3333 act
453 3291 488 3334 us
511 3272 622 3352 spatiis,
646 3280 734 3350 atque
757 3269 963 3332 eluctabitur
953 3287 1036 3330 nram.

239 3393 323 3455 Mitto
358 3413 460 3455 ursum
495 3393 532 3454 ab
568 3392 661 3456 antris
695 3392 823 3455 Lucanis
856 3391 1059 3471 provolutum,
1088 3390 1156 3451 Hal
1190 3407 1218 3450 v.
1247 3336 1299 3464 58,

90 3528 91 3531 =
153 3511 258 3573 neque
280 3491 370 3553 nimis
399 3509 503 3571 preme
532 3492 611 3571 qued
639 3510 664 3555 ι
689 3491 729 3554 50
759 3490 894 3552 animalia
921 3487 1024 3549 timida
1048 3495 1078 3548 et
1106 3485 1227 3566 fugitiva
1250 3488 1298 3551 di

153 3598 263 3652 cuntur
290 3589 453 3669 lpmpdutc3
479 3589 570 3650 semel
603 3597 719 3650 tantum
754 3589 831 3670 apud
855 3587 1003 3648 Nasonem
1025 3585 1084 3646 hcc
1105 3585 1232 3647 verbum
1247 3591 1300 3648 est

152 3689 223 3750 llet.
246 3687 302 3765 Xl‚
338 3708 364 3748 ι.
395 3687 413 3748 3
443 3687 657 3767 aptissimeque
692 3687 727 3748 de
757 3686 929 3749 hominihus
964 3691 1126 3762 usurpatur
1158 3682 1299 3745 bacchicc

152 3789 253 3851 furere
266 3787 374 3867 captis:
394 3786 487 3849 Pavor
503 3805 639 3847 summus
658 3786 714 3870 luit
731 3786 780 3865 qui
801 3783 996 3865 lymphaticus
1008 3781 1162 3843 diceretur·
1176 3781 1250 3854 (Lis.
1263 3781 1300 3854 Χ,

153 3884 207 3966 28)
230 3893 334 3965 estque
355 3884 551 3946 attenitcrum
576 3885 619 3944 vel
635 3884 808 3946 furientium
827 3882 901 3957 thir.
919 3880 976 3952 Vll,
994 3880 1049 3953 17,·
1072 3879 1174 3942 Senec'
1191 3879 1245 3958 Ep.
1261 3880 1301 3955 11,

156 3987 183 4059 1,
206 3985 254 4064 9),
277 3998 373 4064 neque
395 3991 495 4045 tamen
519 3984 637 4045 Curtius
659 3983 704 4054 vl,
727 3983 756 4056 6,
782 3980 821 4042 16
843 3978 972 4041 seribere
992 3997 1084 4040 ausus
1114 3984 1160 4039 est
1183 3978 1301 4040 dicem„

152 4093 223 4144 runt
239 4082 385 4162 lymphati,
408 4081 459 4142 sed
476 4082 581 4143 similes
597 4082 755 4162 lymphatis,
778 4098 876 4158 neque
899 4077 999 4139 Livius
1021 4078 1085 4138 leae
1102 4076 1184 4155 prius
1207 4074 1299 4139 citata

153 4182 365 4263 lymphaticum
404 4190 561 4260 pavorem,
599 4181 652 4241 sed
697 4181 801 4241 velut
841 4175 1050 4256 lymphaticum
1090 4174 1179 4248 dixit;
1215 4175 1301 4252 apud

153 4288 257 4358 poetas
292 4280 328 4340 de
362 4276 529 4339 amentibus
560 4285 605 4339 est
632 4279 717 4354 Verg.
740 4279 812 4338 Aen.
836 4274 899 4344 llll,
924 4273 1009 4346 3773,
1034 4271 1142 4332 Lucan.
1165 4272 1189 4341 1,
1220 4271 1300 4345 4963

155 4379 205 4440 Sil.
232 4379 250 4451 l,
275 4377 354 4450 4593
378 4377 452 4438 Stat.
481 4375 571 4436 Theb.
594 4376 636 4446 X,
664 4376 725 4435 557
749 4375 797 4435 ubi
820 4391 911 4451 pavor
939 4369 1027 4431 simul
1050 4369 1196 4446 cogitatur
1219 4369 1300 4432 haud
