2902 5040
663 327 906 391 -176-

296 502 438 565 tbranis
471 522 579 584 quem
613 503 685 588 alii
709 503 863 584 xiphian
898 487 1044 582 vocanti
1079 505 1234 568 attulimus
1263 522 1352 586 supra

209 602 307 664 locum
320 601 509 679 Xenocratis3
525 603 589 664 ideo
601 602 678 684 apud
691 603 857 665 Marcellum
872 604 993 667 Sidetan
1006 604 1230 684 coniunguntur
1242 601 1353 687 ξιφίαι

211 702 351 782 θρανίαι
374 724 418 762 τε.
463 701 545 782 Apud
578 701 757 782 llesychiurn
788 702 993 784 interpretatio
1016 697 1172 785 θρανίαι·
1202 693 1352 786 θρόμβοι

209 820 299 862 sensu
323 801 405 862 omui
427 800 566 863 destituta
590 807 650 878 est3
675 801 723 864 ubi
746 801 824 882 quod
849 801 1029 864 Schmidtius
1052 802 1206 884 proposuit
1230 798 1351 885 ῥόμβοι

209 901 328 961 credere
361 900 406 960 vir
438 899 568 974 audebis,
601 919 699 981 neque
723 897 871 983 θρόμβοι
894 900 932 963 ita
953 901 1064 963 habent
1097 907 1130 962 nt
1162 900 1224 963 nati
1252 919 1353 964 errore

210 998 371 1061 videantur.
409 999 508 1063 Restat
524 1001 580 1062 hoc
602 1009 635 1063 ut
657 1001 797 1062 cunilates
820 1002 893 1062 duas
916 1001 1058 1062 lectiones
1082 1001 1154 1062 esse
1170 1007 1354 1074 statuamus3

209 1106 368 1178 quaeratur
400 1097 489 1178 igitur
523 1119 578 1160 vox
611 1118 674 1162 rara
706 1094 854 1181 θρόμβοι
895 1099 1132 1179 interpretationi
1165 1104 1241 1180 apta.
1270 1099 1352 1161 lam

209 1193 328 1278 θραόω
360 1195 452 1276 (unde
485 1194 634 1281 θραυρός
660 1197 835 1284 Hesychius,
852 1191 1016 1280 deuotis
1044 1199 1164 1279 Suidas)
1197 1199 1353 1279 frangendi

210 1296 297 1359 habet
320 1297 484 1371 notionem,
509 1298 587 1359 unde
604 1293 784 1380 θρανόσσω
807 1304 837 1360 et
857 1289 1072 1380 συνθρανόως
1094 1299 1131 1361 ab
1147 1299 1354 1380 cadempleno

210 1395 333 1458 alterum
362 1396 432 1458 illud
461 1396 547 1476 gladii
574 1396 664 1477 piscis
687 1415 797 1459 nomen
821 1399 964 1480 θρανίας
987 1398 1145 1461 deductum
1175 1398 1275 1480 ipsum
1297 1397 1355 1459 luit

209 1495 318 1576 quippe
333 1495 384 1575 qui
399 1495 487 1576 piscis
503 1513 592 1557 naves
606 1496 756 1576 frangeret
770 1496 873 1576 gladio.
912 1495 1007 1558 Etiam
1030 1497 1112 1559 lactis
1134 1497 1220 1559 fracti
1238 1495 1354 1559 caseive

209 1593 364 1675 particulas
386 1595 443 1657 hoc
464 1593 554 1655 uerbo
577 1595 755 1675 significasse
778 1595 905 1676 aliquem
934 1595 1055 1675 cogitari
1077 1602 1203 1678 potest,¹
1222 1603 1255 1657 ut
1277 1596 1354 1657 deli-

208 1694 303 1756 tuisse
336 1689 392 1754 tale
415 1694 484 1775 quid
520 1693 652 1775 quamvis
674 1694 844 1757 dubitanter
867 1696 1022 1757 coniciam:
1056 1695 1217 1777 θρανίας·
1255 1692 1354 1774 λχθόις

209 1788 317 1865 ποιός.
363 1789 538 1875 θρανίόια·
570 1791 730 1876 θρόμβοι.

293 1891 441 1953 thrisse.
484 1890 649 1966 τευθίδες·
682 1895 814 1975 σηπίαι·
848 1892 1026 1973 θρίσίσλαι.

295 1994 417 2055 tethea
440 2012 495 2073 qua
518 1993 613 2054 forma
636 2012 697 2054 non
714 2012 786 2055 usus
802 1992 975 2055 Aristoteles
992 2001 1052 2054 est:
1077 1990 1194 2074 τήθεα·
1218 1988 1351 2074 sinopem

209 2091 296 2153 simul
318 2091 502 2155 Aristotelica
525 2087 696 2173 τηθόα...
721 2091 775 2152 καὶ
799 2089 888 2164 sidae
911 2085 1047 2170 ἱχθόων.

293 2191 442 2270 xiphias.
495 2187 617 2270 ξιφίας·
652 2189 751 2268 ἰχθυς
783 2189 972 2264 ποιός
998 2189 1109 2272 ξίφιος
1142 2185 1285 2272 ὁμοίως;
1315 2196 1354 2257 ¹et

210 2290 355 2370 σκιφίας·
390 2285 478 2360 εἶδος
503 2287 632 2366 ίχθόος.
1354 2308 1358 2317 ·

296 2386 352 2448 Sed
377 2386 457 2448 euim
479 2386 563 2466 plura
586 2387 744 2448 accedunt:

295 2485 436 2547 asellus.
468 2479 560 2556 ὄνος·
585 2483 639 2546 καὶ
657 2481 755 2563 ἰχθύς
777 2481 876 2557 ποιός
898 2480 917 2547 ό
941 2484 995 2547 καὶ
1012 2480 1145 2558 ὀνίσκος
1163 2481 1355 2567 λεγόμενος;

210 2591 239 2645 et
261 2577 395 2665 χρεμός·
429 2576 447 2644 ὁ
471 2576 599 2655 ὀνίσκος
623 2580 728 2661 ἰχθυς.
804 2628 805 2632 ,

211 2731 213 2738 A
295 2681 456 2742 belonae.
501 2681 572 2743 Mala
597 2682 736 2744 similium
760 2700 860 2744 rerum
885 2682 1059 2745 contusione
1086 2691 1115 2744 et
1148 2679 1270 2764 βδοιλοί
1296 2683 1353 2764 (rel

210 2781 308 2862 potius
331 2776 492 2861 fidelior,
527 2780 647 2862 Pears0)
676 2789 705 2843 et
731 2777 846 2861 βέλλαι
874 2783 950 2863 apud
980 2782 1158 2863 hesychium
1191 2782 1354 2862 explicatur

211 2876 348 2964 ῥαφίδες
402 2875 607 2956 θαλάσσιαι,
663 2880 742 2966 quod
791 2880 861 2941 olim
913 2880 949 2943 ad
992 2875 1128 2962 βελόναι
1172 2881 1353 2962 pertinuisse

211 2977 392 3043 Schmidtius
416 2977 634 3053 animadvertit3
656 2979 694 3041 cl.
711 2979 815 3040 Athen.
832 2999 861 3060 p.
878 2978 940 3040 319
953 2980 982 3041 C.
1020 2979 1184 3042 Numerum
1207 2981 1351 3061 pluralem

210 3079 323 3142 Plinius
346 3077 482 3163 quoque
1349 3156 1352 3163 ,

296 3177 491 3240 batrachus
526 3185 707 3238 memoratur
735 3176 913 3256 lectionibus
942 3171 1133 3258 βρατάχους.
1167 3172 1353 3262 βατράχους

211 3285 240 3339 et
267 3273 436 3360 βρόταχος·
473 3271 636 3358 βάτραχος
665 3285 696 3337 et
723 3272 879 3357 βάβακος·
916 3271 982 3339 sind
1011 3271 1149 3339 Ἠλείων
1180 3278 1351 3355 τέττιγχες·

211 3371 278 3438 ὑπὸ
304 3374 472 3438 Ποντικῶν
494 3373 532 3455 δὲ
553 3371 713 3464 βάτραχοι
747 3375 804 3437 nisi
832 3375 910 3456 quud
939 3376 1027 3437 iniis
1051 3376 1161 3456 piscem
1185 3376 1265 3437 hunc
1288 3395 1352 3439 esse

211 3493 271 3555 non
295 3476 462 3537 adnotatur.
500 3473 602 3555 Neque
625 3494 694 3536 veru
710 3473 902 3555 probabiliter
917 3495 952 3537 ex
973 3473 1088 3560 vitiosis
1110 3475 1166 3536 illis
1188 3470 1352 3558 βάτραχος

211 3570 351 3656 ἐσχάρας
378 3560 466 3646 εἶδος
498 3592 536 3635 ne
566 3573 736 3648 litterarum
754 3574 873 3654 quidem
898 3574 993 3635 ordini
1016 3572 1240 3635 oboedientibus
1263 3574 1352 3637 resti-

211 3669 276 3736 tues
298 3669 461 3755 βάτραχος
484 3668 602 3757 ἰχθύος
625 3670 721 3745 εἶδος.
763 3673 859 3733 lmmo
886 3673 1042 3752 legendum
1066 3669 1186 3757 βάτρα·
1212 3668 1354 3756 ἐσχάρας

211 3769 299 3845 ridor
323 3780 352 3834 et
374 3771 573 3834 conferendus
590 3772 740 3834 Vitruvius
757 3771 782 3832 x
802 3773 848 3846 ll,
867 3772 915 3833 19.
944 3772 987 3833 lta
1010 3772 1097 3834 etium
1119 3772 1154 3833 ad
1177 3773 1351 3849 merulam

211 3866 392 3954 κόσσυφος·
416 3867 521 3953 ὄνομα
537 3871 663 3955 πτηνοῦ
686 3871 833 3934 omittitur
849 3869 904 3932 καὶ
929 3866 1056 3949 ίχθόος.
1093 3871 1228 3951 hlopex
1251 3877 1351 3932 autem

211 3973 262 4049 lita
285 3973 409 4035 truditur
432 3972 464 4032 in
487 3991 547 4056 uno
571 3971 795 4052 bambergensi3
828 3971 934 4053 reliqui
955 3971 1017 4033 iere
1040 3972 1151 4052 ulopiu3
1184 3990 1260 4055 quae
1283 3989 1351 4032 caro

212 4090 249 4134 ne
271 4072 311 4134 ita
334 4072 486 4134 concilies:
521 4071 632 4151 alopen.
655 4071 806 4152 alopecias)
841 4070 887 4131 vix
910 4070 1055 4150 cogitetur
1077 4070 1108 4133 in
1132 4069 1204 4131 mira
1225 4067 1353 4150 llesychi

210 4172 334 4233 lectione
368 4169 530 4244 ἐλέποκες·
577 4169 674 4249 ἰχθὺς
708 4166 822 4253 ὅμοιος
856 4168 981 4253 φυκίόι.
1037 4170 1141 4232 Ροιιο
1162 4169 1353 4250 acipenser

212 4271 334 4350 ponitur
369 4279 439 4351 puta
476 4289 530 4350 pro
565 4271 670 4350 elope
702 4271 785 4332 cuius
818 4270 896 4331 uocis
934 4268 1085 4349 explicatio
1120 4277 1149 4329 et
1182 4268 1352 4330 Athenaeus

211 4370 298 4431 babet
335 4378 364 4430 et
400 4369 447 4431 alii
486 4379 515 4428 et
544 4367 720 4449 Hesychius:
759 4367 907 4441 ἔλλοπες·
944 4363 1134 4440 ἐλλιπόντος
1168 4368 1223 4451 τῆς
1257 4362 1349 4440 όπός,

212 4470 379 4531 τουτέστιν
411 4463 582 4551 ἄφθογγοι
611 4464 751 4551 άφωνοι.
795 4467 960 4529 bacchus
987 4466 1023 4528 ab
1046 4466 1203 4528 Aristotele
1226 4467 1351 4539 alienus,
