2902 5040
569 303 787 373 ..65-

107 493 196 565 atque
232 483 319 548 etiam
353 505 389 546 ex
418 483 573 564 Propertio
602 485 679 546 inl'ra
706 485 813 547 similia
840 486 1017 548 adferamus.
1068 483 1153 560 Quod
1183 508 1250 552 1313

108 582 231 645 Ovidius
259 584 378 663 scripsit
400 584 469 645 Met.
488 584 548 644 Vlll
565 583 641 647 385:
673 583 788 646 Primus
815 585 916 647 vidisse
935 597 1056 666 potatur
1083 589 1120 648 Et
1138 592 1252 668 primus

106 686 188 744 331113
209 686 303 746 visum
325 682 476 745 ostendisse
496 701 639 758 cruorem,
663 684 700 746 ab
715 684 760 745 bis
783 694 808 746 et
830 702 892 746 non
907 684 990 748 133113
1007 685 1109 748 abesse
1125 695 1251 767 poterat,

63 835 64 839 ,
107 781 218 861 quippe
251 800 319 843 cum
348 789 434 861 poeta
463 781 518 844 hac
546 783 672 844 maxime
699 783 847 844 sermonis
875 783 970 845 forma
999 784 1054 847 sibi
1086 785 1252 865 gratissima

106 888 257 943 uteretur:
282 888 425 960 „putatur
447 880 587 944 vidisse
610 890 644 944 et
667 881 786 944 visum
810 882 1005 954 ostendissc“,
1028 884 1169 963 adquam
1189 889 1253 964 pri-

106 999 172 1040 mus
194 978 240 1040 bis
263 978 394 1059 positum
419 999 480 1041 non
504 979 561 1042 nisi
576 981 708 1042 accessit.
746 981 868 1043 Solutus
891 990 990 1043 auteur
1008 982 1174 1062 anaphoras
1189 982 1252 1061 lege

105 1077 147 1140 ibi
169 1085 257 1158 poeta
279 1087 349 1152 3131,
373 1078 422 1140 ubi
445 1086 541 1140 totum
557 1080 761 1159 complebatur
776 1080 922 1141 distichon
945 1087 975 1141 et
998 1080 1056 1142 duo
1079 1087 1142 1142 tota
1157 1099 1252 1143 enun-

107 1178 181 1240 tiata
203 1175 472 1256 coniungebantur,
495 1179 584 1240 veluti
606 1178 778 1258 Propertius
794 1179 833 1240 lll
851 1179 899 1252 10,
917 1180 991 1258 lsq:

177 1342 179 1346 a
209 1290 265 1352 Sed
288 1298 432 1370 tempus
454 1290 582 1353 lustrare
605 1291 667 1352 abis
690 1289 830 1351 Helicona
853 1289 977 1364 choreis,

252 1389 298 1449 Et
319 1408 455 1469 campum
478 1389 615 1451 Emathio
637 1389 697 1451 iam
720 1389 790 1450 dare
813 1397 960 1470 tempus
984 1408 1070 1469 equo.

108 1505 145 1567 cf.
183 1504 269 1565 Ovidi
307 1506 408 1566 Amor.
436 1506 448 1567 l
476 1506 524 1579 15,
556 1505 597 1567 33
615 1524 659 1585 sq.
687 1514 717 1567 31
742 1505 772 1579 2,
801 1507 837 1566 11
859 1525 918 1585 sq.;
958 1505 1037 1566 Fast.
1064 1505 1101 1565 lV
1128 1505 1189 1567 763
1208 1525 1254 1586 sq.

108 1603 199 1665 Trist.
216 1604 239 1664 V
258 1602 305 1678 12,
322 1604 362 1664 55
372 1624 432 1685 sq:

212 1728 355 1790 Cedant
370 1730 551 1792 carminibus
573 1747 657 1808 reges
680 1748 843 1810 regumque
865 1729 1018 1809 triumphi,

255 1827 371 1890 Cedat
394 1837 428 1890 et
450 1827 570 1891 auriferi
592 1829 655 1909 ripa
677 1829 805 1908 benigna
829 1828 909 1908 Tagi.

188 1921 290 1987 *vili
314 1945 367 2005 ego
390 1928 509 1990 iactatas
532 1934 611 1990 mota
634 1927 698 1989 face
720 1946 854 1990 crescere
876 1929 1032 1989 flammas

254 2023 300 2085 Et
320 2024 393 2087 vidi
415 2024 498 2087 nullo
521 2027 709 2088 concutiente
731 2026 817 2088 mori.

212 2121 291 2184 Pelle
312 2125 415 2203 procul
437 2126 574 2202 morbos3
596 2126 747 2187 valeant
770 2125 967 2204 hominesque
988 2143 1161 2204 gregesque,

254 2221 296 2282 Et
318 2223 471 2285 valeant
493 2223 604 2308 vigiles,
627 2224 749 2304 provida
772 2223 870 2297 turba,
894 2242 994 2286 canes.

214 2319 339 2381 Omnia
361 2321 513 2384 barbariae
535 2323 597 2384 loca
621 2332 691 2385 sunt
713 2323 852 2404 vocisque
874 2322 986 2385 1311333

255 2418 458 2499 Omniaque
480 2420 597 2482 hostilis
619 2422 707 2501 plena
730 2430 848 2484 tumore
871 2422 947 2484 soni.

111 2544 187 2606 ltem
210 2543 375 2624 Lygdamus
399 2528 434 2607 31
452 2545 470 2607 3
485 2565 512 2612 v.
529 2547 566 2608 11
577 2566 637 2626 sq:

214 2656 309 2718 1313
332 2675 448 2720 meum
470 2659 567 2720 veniat
589 2659 693 2738 longos
716 2659 866 2739 incompta
889 2659 1009 2739 capillos

257 2755 298 2816 Et
320 2756 388 2819 lleat
410 2766 493 2819 3313
516 2776 635 2820 meum
658 2766 771 2820 moesta
795 2758 904 2821 Neaera
926 2775 1041 2838 rogum.

113 2879 190 2942 ltem
214 2879 350 2945 Lucanus
367 2883 404 2943 Vl
421 2882 498 2946 319:

459 2995 650 3076 Nunquam
674 3014 723 3056 me
745 2993 886 3066 Caesaris,
909 2992 1015 3073 inquit,

216 3091 357 3172 Exemplo
378 3093 498 3154 reddam
522 3095 643 3173 patriae,
666 3112 927 3175 nunquamque
948 3091 1060 3154 videbit

215 3188 261 3252 hle
283 3190 340 3252 nisi
363 3191 485 3252 dimisso
507 3193 684 3255 redeuntem
707 3193 799 3255 milite
820 3193 924 3254 Roma.

115 3314 249 3395 benique
276 3317 442 3378 notandum
471 3324 517 3378 331
544 3318 580 3378 ad
609 3337 710 3380 vocem
739 3317 855 3379 fortiter
884 3315 931 3377 bis
953 3313 1082 3395 positam
1109 3311 1258 3374 interdum

116 3414 240 3476 eandem
268 3417 354 3478 tertio
383 3414 517 3478 membro
547 3416 642 3478 adseri
670 3415 804 3477 molliore
831 3412 1045 3509 copulapbunc
1076 3412 1108 3474 in
1137 3411 1258 3473 modum

116 3513 256 3588 (11331111
270 3515 381 3596 17933.
398 3515 535 3595 148933.
551 3513 613 3575 181
625 3534 669 3595 sq.
685 3513 773 3594 Prop.
787 3514 799 3574 l
814 3513 860 3588 16,
877 3507 968 3593 23311.
985 3511 1091 3574 Tibull.
1107 3510 1174 3583 115,
1190 3508 1257 3589 11):

218 3644 299 3717 Ter,
322 3645 395 3719 sine,
418 3653 562 3725 perpetuo
585 3645 699 3707 caelum
722 3651 856 3706 versetur
879 3643 911 3704 in
932 3661 993 3715 axe,

259 3743 328 3804 'l'er
349 3744 452 3824 iungat
475 3744 560 3806 Titan
582 3751 714 3824 terque
736 3743 865 3806 resolvat
888 3758 989 3820 equos.

218 3840 350 3905 Passus
372 3842 467 3905 idem
491 3852 537 3905 est
558 3843 653 3923 Tyriis
676 3842 728 3922 qui
751 3841 901 3922 quondam
924 3839 1027 3919 pulsus
1050 3836 1085 3900 ab
1109 3836 1169 3898 oris

261 3940 388 4003 Cadmus
410 3941 442 4003 in
465 3941 558 4003 Aonia
580 3941 715 4003 constitit
738 3940 804 4001 exul
826 3940 928 4012 humo,

219 4036 354 4101 Passus
376 4041 473 4102 idem
495 4040 612 4120 Tydeus
635 4046 671 4101 et
692 4039 788 4100 idem
810 4037 973 4117 Pagasaeus
995 4035 1093 4096 lason.

219 4136 339 4218 lamque
361 4138 446 4201 3311
467 4145 613 4218 praeeunt
634 4137 738 4209 133333,
759 4153 854 4198 3313
875 4152 1007 4215 purpura
1029 4131 1122 4210 fulget

262 4236 307 4298 Et
328 4255 418 4299 3313
441 4238 632 4318 conspicuum
655 4235 787 4316 pondera
810 4235 902 4297 sentit
924 4233 1007 4295 ebur.

219 4333 270 4396 hle
292 4336 408 4398 mediae
430 4346 543 4408 noctes,
567 4356 621 4397 me
643 4335 739 4397 sidera
760 4352 856 4414 prona
878 4333 1035 4404 iacentem,

181 4437 184 4442 ’
262 4434 455 4516 Frigidaque
477 4437 539 4498 Eoo
561 4453 615 4497 me
638 4433 717 4496 dolet
738 4451 810 4496 aura
831 4434 907 4512 gelu.

172 4530 260 4587 Birt,
274 4533 304 4580 de
317 4533 461 4581 halieuticis.
1088 4527 1104 4582 5
