2902 5040
575 233 819 300 -101-

121 418 312 479 veementer,
328 420 379 473 aut
394 414 470 472 eires
483 419 592 472 ametro
607 410 682 472 dedit
697 420 747 472 out
761 409 946 486 cebritatem3
968 430 1044 490 quae
1059 431 1164 490 parum
1180 434 1268 476 aceu-

120 518 185 571 ratc
208 508 285 571 diota
299 508 519 584 animadverte;
541 509 674 571 celeritas
697 509 776 571 enim
791 509 821 570 ni
836 509 920 570 iallor
934 509 1073 589 primitus
1087 531 1135 572 eas
1150 519 1267 576 tantum

122 606 230 668 bestias
252 616 357 668 notare
381 615 496 686 poterat
518 626 594 687 quae
616 608 761 687 effugiunt
784 607 893 670 viribus
922 617 1059 670 carentes
1081 608 1268 693 debebatque

120 705 224 766 scribi:
249 707 305 778 „ht
327 706 397 787 quia
422 706 522 767 multis
547 706 669 768 bestiis“
693 707 738 768 vel
761 715 795 769 ut
818 706 1021 769 coniecturam
1042 707 1200 770 faciamus:
1233 710 1267 772 rlt

119 804 259 886 siquibus
274 803 368 867 bestias
383 823 444 884 eqs.
479 805 558 867 llaec
573 812 673 866 autern
689 805 784 866 fusius
800 805 982 885 explicantur
1004 805 1036 867 in
1058 806 1123 885 ipso
1139 827 1266 870 excursu

119 903 281 983 poematis;
304 903 386 964 cuius
410 921 514 964 sensus
529 903 575 965 bis
591 902 685 965 verbis
701 903 920 983 comprirnitur:
943 903 1047 985 Saepta
1061 910 1142 986 sequi
1158 917 1266 969 natura

119 1011 213 1062 mouet
234 999 281 1062 uel
301 1004 457 1063 comminus
479 1006 520 1064 ire
544 1005 592 1076 (cf.
616 1001 705 1063 etiam
729 1002 1023 1064 occultationem
1047 1005 1123 1084 apud
1146 1005 1266 1068 Cicero·

120 1096 289 1176 nem127).
332 1101 428 1180 Atque
454 1118 522 1162 eum
544 1117 647 1162 cautent
672 1103 769 1180 soqoci
791 1105 895 1163 virtius
920 1103 1048 1164 eeuaudi
1061 1103 1134 1180 (llal.
1153 1104 1192 1165 75
1206 1106 1264 1186 sq.)

118 1198 299 1260 contendere
313 1199 395 1261 iuvat
407 1200 464 1261 Cio.
481 1204 498 1273 §
514 1199 588 1261 158:
625 1197 737 1262 Caurum
749 1244 756 1259 .
770 1246 776 1260 .
792 1245 819 1260 ..
833 1208 894 1260 tam
907 1199 1080 1262 incredibilis
1095 1201 1134 1263 ad
1147 1206 1263 1264 iuvesti-

115 1297 242 1376 qaudum
268 1302 407 1378 saqocitas
429 1302 555 1370 reanum,
583 1309 664 1360 tauta
679 1300 816 1362 alacritas
837 1301 869 1360 iu
893 1300 1040 1376 oeuaud03
1063 1299 1098 1361 cf.
1116 1302 1263 1366 Plutarchi

116 1414 146 1475 p.
163 1394 225 1458 969
241 1396 272 1457 Β.

202 1495 260 1558 Sed
285 1495 365 1559 enim
389 1496 421 1558 in
444 1494 506 1557 v.3
529 1503 616 1576 poeta
639 1494 729 1559 simul
752 1496 861 1560 mimm
877 1497 909 1559 in
931 1497 1054 1560 modum
1078 1501 1262 1580 exaggeravit

116 1598 179 1657 rem
202 1595 382 1675 variavitque
405 1601 439 1656 ut
462 1594 584 1657 adderet
605 1595 643 1656 de
665 1596 774 1658 vitulo:
796 1594 857 1668 Qui
878 1599 1005 1660 noudum
1024 1601 1097 1678 qerit
1117 1603 1149 1661 iu
1163 1611 1262 1662 teum

113 1698 174 1756 iam
189 1712 298 1756 ceruam
311 1696 416 1775 [route.
455 1695 537 1767 Quae
559 1713 574 1755 a
597 1712 629 1755 re
651 1696 745 1757 aliena
761 1696 928 1759 Lucretiani
952 1696 1007 1758 loci
1028 1697 1185 1760 imitationi
1208 1700 1260 1760 de-

115 1795 225 1856 bentur
248 1793 344 1855 notati
375 1793 434 1854 iam
457 1813 473 1855 a
496 1793 646 1874 Zingerleo
669 1796 780 1877 quique
802 1796 841 1858 ita
864 1797 926 1857 iere
949 1815 965 1858 a
988 1795 1167 1858 doctissimis
1189 1798 1259 1878 viris

113 1892 213 1954 editur
230 1893 254 1954 V
270 1891 363 1953 1028:

213 2032 251 2091 tlt
274 2030 369 2092 varios
392 2031 508 2111 linguae
532 2031 648 2094 sonitus
671 2039 776 2093 natura
798 2031 914 2111 subegit

213 2131 328 2191 blittero
352 2138 382 2192 et
404 2131 514 2192 utilitas
539 2131 684 2209 expressit
707 2130 829 2193 nomina
852 2150 964 2206 rerum,

213 2229 281 2289 Non
303 2227 359 2290 alia
381 2229 468 2308 longe
491 2229 607 2291 ratione
628 2236 717 2310 atque
738 2230 802 2310 ipsa
824 2230 941 2291 videtur

214 2327 388 2389 Protrahere
411 2327 447 2388 ad
471 2334 586 2406 gestum
608 2346 717 2408 pueros
739 2328 863 2390 infantia
885 2329 1003 2409 linguae

211 2426 285 2488 Cum
308 2426 377 2486 lacit
399 2435 433 2487 ut
456 2426 547 2505 digito
571 2445 648 2508 quae
670 2428 730 2489 sint
752 2429 916 2508 praesentia
940 2435 1120 2490 monstrent.

210 2525 307 2607 Sentit
329 2525 407 2587 enim
431 2525 489 2586 vim
512 2526 639 2607 quisque
662 2545 745 2588 suam
769 2527 867 2608 quoad
890 2527 984 2606 possit
1006 2527 1097 2589 abuti.

211 2624 352 2685 Cornua
375 2631 445 2685 nata
466 2625 550 2703 prius
574 2625 692 2687 vitulo
716 2645 804 2706 quam
826 2625 976 2689 frontibus
999 2634 1101 2689 extent

210 2723 269 2784 lllis
292 2721 385 2784 iratus
408 2723 482 2802 petit
504 2732 593 2804 atque
616 2723 742 2785 infestus
765 2724 893 2804 inurget.

209 2822 247 2881 At
269 2821 384 2882 catuli
406 2822 620 2901 pantherarum
642 2823 814 2904 scymnique
837 2825 993 2886 leonum

210 2919 363 3000 Unguibus
385 2938 419 2981 ac
440 2920 565 3001 pedibus
587 2921 647 2982 iam
669 2931 734 2983 turn
757 2939 957 3003 morsuque
978 2939 1208 3007 repugnant,

207 3019 260 3081 Vix
282 3017 371 3079 etiam
394 3037 462 3081 cum
484 3027 555 3081 sunt
577 3021 681 3082 dentes
703 3039 879 3102 unguesque
901 3007 1001 3084 creati.

207 3117 375 3179 Alituum
398 3136 488 3198 porro
511 3137 605 3198 genus
629 3119 681 3180 alis
705 3138 794 3182 omne
816 3120 949 3182 videmus

206 3214 312 3278 Fidere
335 3225 364 3278 et
387 3237 402 3278 a
424 3217 551 3297 pinnis
573 3218 735 3280 tremulum
758 3227 859 3298 petere
881 3219 1063 3282 auxiliatum.

106 3345 164 3406 Sed
188 3345 268 3406 enim
284 3346 439 3410 Lueretius
463 3367 550 3429 quem
574 3347 678 3426 legisse
702 3346 821 3430 quidem
844 3348 935 3411 libros
951 3348 1105 3432 Chrysippi
1129 3351 1252 3414 minime

105 3443 300 3523 improbabile
315 3455 360 3507 est
375 3446 425 3525 (cf.
437 3447 506 3508 adn.
519 3445 653 3508 Munrois
669 3445 703 3507 ad
720 3447 732 3505 l
748 3445 820 3507 430.
833 3445 905 3508 459.
919 3446 980 3509 782
1004 3458 1034 3511 et
1048 3449 1182 3529 passim),
1206 3460 1251 3514 ta-

105 3562 176 3606 men
192 3563 313 3625 prorsus
330 3545 408 3606 aliud
425 3546 470 3606 his
486 3546 629 3626 exemplis
653 3545 728 3606 cilici
743 3544 848 3622 uoluit:
872 3545 971 3608 inians
988 3550 1147 3629 antequam
1166 3548 1251 3632 loqui

105 3651 204 3722 potest
224 3643 283 3720 iam
298 3643 355 3705 vim
372 3646 471 3706 tamen
487 3654 724 3726 potestatemque
739 3644 878 3725 loquendi
895 3644 950 3707 sibi
966 3647 1132 3710 adiuturam
1149 3649 1249 3712 sentit.

104 3740 206 3823 ltaque
227 3760 330 3814 verum
354 3743 472 3823 pondus
495 3744 572 3825 apud
589 3742 759 3806 Lucretium
784 3744 914 3826 positum
938 3744 1035 3807 estin
1058 3766 1129 3809 voce
1147 3752 1249 3828 prius-

103 3859 190 3920 quam
212 3850 242 3901 et
265 3845 323 3903 usar.
368 3841 508 3922 Sequitur
530 3851 628 3904 autem
663 3861 710 3904 me
743 3842 839 3904 indiae
862 3851 895 3904 ut
917 3863 943 3904 v.
963 3843 1043 3904 1033
1066 3845 1117 3925 qui
1139 3846 1178 3907 ita
1201 3847 1248 3908 in-

103 3938 185 4000 libris
209 3947 267 4000 est:
292 3937 382 4001 Sentit
409 3945 484 4003 euim
509 3945 553 4003 et's
575 3945 689 4024 quisque
714 3962 798 4005 suoru
824 3943 898 4023 quod
914 3947 1002 4023 possit
1022 3943 1103 4005 abuti
1121 3946 1249 4024 graviter

102 4037 272 4100 destructus
294 4039 332 4101 sit
354 4060 388 4102 ac
410 4040 495 4101 foede
522 4041 718 4121 interpolatus
747 4041 895 4123 siquidem
919 4041 1035 4104 dedisse
1058 4061 1180 4104 necesse
1204 4054 1248 4107 est

101 4147 233 4217 poetam:

204 4249 301 4312 Sentit
324 4251 403 4313 enirn
426 4251 469 4312 vis
492 4251 618 4333 quisque
641 4254 723 4334 prius
746 4272 835 4334 quam
857 4253 952 4336 possit
974 4253 1073 4328 abuti3-

100 4377 232 4457 prodidit
247 4397 279 4439 se
301 4377 495 4458 interpolator
511 4397 579 4440 voce
594 4397 690 4442 suom:
713 4379 823 4461 quippe
845 4384 903 4444 aaut
917 4380 1013 4458 legere
1027 4379 1077 4444 ille
1091 4379 1150 4443 sibi
1166 4381 1246 4445 vide-
