2902 5040
619 256 862 320 -167-

751 428 939 512 ποικιλίᾳ
959 431 1025 494 καὶ
1042 431 1312 514 σχηματισμῷ

751 533 800 606 (ol.
813 550 876 612 cap.
890 532 943 594 18:
960 527 1121 614 διάφοροι
1133 527 1170 592 d'
1183 526 1219 592 oi
1232 551 1310 594 noa—

751 628 841 692 κίλαι
858 629 913 692 καὶ
929 626 1154 715 στρογγύλαι).

168 776 241 838 licor
264 782 385 839 moturos
407 776 528 848 Plinius,
552 775 603 838 nbi
624 781 746 840 minores
769 779 831 858 ipse
853 787 973 852 aemon
993 782 1093 841 tamen
1117 778 1196 858 qnod
1219 777 1309 841 rasti·

166 876 311 938 tuendurn
326 877 451 936 unimores
462 875 558 935 Plinio
570 875 770 939 Schneiderus
786 875 885 948 edixit,
899 875 1002 938 dillido
1015 874 1185 950 violentiam
1204 891 1309 955 super-

167 983 213 1036 est
236 984 268 1036 ut
290 970 360 1036 olim
383 972 413 1035 ln
435 974 569 1054 exemplo
590 990 694 1054 graeco
716 975 831 1056 μείους
852 974 996 1056 scriptum
1018 971 1113 1038 luisse
1135 981 1264 1037 statuam
1277 974 1308 1036 id

166 1073 245 1152 qnod
274 1090 328 1153 pro
355 1067 487 1153 μείζους
515 1071 606 1152 accipi
631 1072 716 1134 facile
743 1080 869 1153 poterat.
913 1072 1050 1136 Ceterum
1078 1073 1156 1134 intes
1176 1074 1254 1135 letes
1276 1090 1311 1135 ao

166 1171 283 1234 striatas
311 1168 480 1233 distinxisse
508 1169 595 1232 utiam
625 1170 775 1252 Diphilum
802 1178 831 1234 et
853 1172 1004 1235 liicesium
1026 1171 1195 1235 Athenaeus
1225 1168 1308 1234 tutis

129 1359 132 1364 ι
165 1281 211 1334 eat
232 1289 261 1352 p.
277 1265 318 1332 87
333 1264 365 1330 B.

164 1418 333 1480 cochloe:
406 1432 535 1496 quorum
603 1416 721 1495 generis
750 1414 886 1500 uap23:
916 1415 1083 1498 κοχλίαι
1200 1414 1242 1480 τὰ
1270 1413 1309 1480 δὲ

163 1515 435 1598 pantadaotyli‚
473 1515 543 1577 item
581 1513 720 1576 helices
748 1510 959 1601 τούτωνιίδη
974 1515 1012 1580 τὸ
1027 1513 1088 1600 μὲν
1108 1514 1309 1600 ἐπίμηκες

164 1615 214 1695 (ab
235 1615 299 1677 aliis
322 1614 594 1694 actinophoroe
616 1612 721 1677 dicun·
749 1611 825 1700 ὅτῳ
851 1616 909 1698 (vel
925 1609 1024 1693 οὕτω)
1050 1614 1106 1678 καὶ
1129 1615 1214 1697 (num
1229 1616 1307 1678 forte

163 1713 723 1796 tur)quihusradii30antont...·‚
749 1708 790 1780 οὗ
818 1715 864 1799 τῷ
893 1711 1040 1798 asperti)
1075 1711 1308 1793 σάλπιγγος

163 1824 245 1877 extra
273 1816 345 1876 haec
371 1823 442 1875 sunl
474 1813 657 1876 rotundae
689 1814 721 1875 in
749 1815 872 1898 δίκην
914 1811 1147 1896 ἐμφυσῶσι,
1190 1802 1227 1876 τὸ
1269 1809 1307 1874 δὲ

163 1914 303 1976 oleario
326 1932 390 1974 usu
413 1913 535 1976 cocleae.
750 1907 1008 1998 στρογγύλον
1044 1905 1070 1996 ᾧ
1105 1907 1307 1975 τοῦλαιον

747 2005 926 2092 ἄναχίοοσι
942 2057 950 2074 .
967 2057 974 2074 .
991 2057 998 2072 .
1015 2056 1022 2071 .
1039 1999 1072 2074 ολ
1087 2003 1125 2073 δὲ
1150 2028 1305 2073 πεντα-

747 2102 1305 2191 δάκτυλοιὸξοπύθμενοίτε
1349 2156 1352 2164 .

746 2208 881 2283 ἕλικος
907 2204 927 2293 ἢ
953 2199 1220 2293 ἇκτινοφόροι
1243 2196 1304 2271 airr‘

745 2301 854 2372 ἄλλων
869 2304 1062 2392 κληζόμενοι
1078 2296 1304 2391 οἷσαρκαίτεροι

744 2402 1301 2489 Wfflmfflfflww

745 2510 850 2571 tiatum
866 2526 990 2588 prorsus
1006 2507 1164 2570 barbarum
1180 2503 1302 2569 strenue

745 2608 943 2670 ordinandum
958 2607 1037 2684 fuit).

159 2758 261 2820 Verbis
293 2759 393 2839 quihus
415 2761 494 2821 rodii
519 2752 748 2839 ὀξοττίθμτνοι
776 2755 880 2816 referri
908 2755 939 2816 ln
961 2755 1116 2836 propatulo
1139 2761 1194 2826 est,
1228 2754 1299 2814 item

158 2859 194 2920 ad
216 2867 334 2921 corutum
354 2859 464 2938 requiri
487 2858 660 2930 ablativum
694 2871 751 2935 qua
779 2855 815 2915 dc
839 2873 923 2915 causa
947 2854 1096 2916 eiecerunt
1118 2854 1203 2922 radii,
1226 2871 1297 2932 per-

157 2974 247 3030 verse,
280 2972 344 3018 rem
367 2957 393 3018 si
419 2967 550 3037 spectata
583 2955 748 3016 Xenocrate
772 2952 846 3014 duce
869 2953 987 3032 expleo:
1021 2963 1138 3016 cautent
1164 2952 1298 3032 ohlooyis

157 3053 288 3136 Denique
312 3072 491 3136 magnopere
514 3048 715 3116 memorabilis
738 3051 863 3114 varietas
891 3051 1054 3132 scripturae
1076 3047 1216 3127 κοχλίαι,
1245 3051 1295 3112 uhi

157 3153 264 3217 οοσλίοο
287 3156 397 3218 latinus
420 3173 480 3237 quo
503 3155 602 3216 minus
625 3153 767 3215 usitatum
791 3170 825 3212 eo
848 3152 973 3230 gravius.

155 3321 309 3385 orcynus
338 3301 386 3367 hic
408 3313 453 3369 est
475 3303 712 3385 pelamydum
740 3321 803 3382 cap.
827 3298 883 3361 33:
913 3295 1085 3380 ὄρκυνος
1111 3294 1300 3380 πηλαμύς

153 3403 268 3481 generis
302 3404 495 3476 maximus,
528 3400 616 3464 neo*
649 3402 712 3482 ipse
740 3389 998 3480 ἓστιμτγοέλη,
1023 3394 1074 3480 μη
1096 3391 1299 3480 ὑποστρέ-

152 3499 313 3563 reditin
340 3500 538 3571 Maeotim,
570 3496 711 3562 similis
739 3511 874 3582 φοοσα
918 3489 987 3557 λιτὶ
1042 3490 1111 3579 την
1155 3493 1300 3579 λίμνην

153 3599 314 3675 tritoni,
337 3609 526 3663 vetustate
549 3596 689 3662 melior.
739 3586 851 3679 uirory'g·
892 3588 1014 3678 ὁμοίη
1055 3591 1097 3658 δὲ
1126 3594 1179 3679 τῷ
1208 3614 1299 3678 τρι-

737 3692 780 3757 τό
787 3708 844 3778 μῳ
880 3690 968 3776 πλην
997 3686 1298 3778 δοςφθαρτότερος·

736 3785 1014 3874 διὸὑπομένει
1041 3788 1294 3856 παλαίωσιν.

237 3944 449 4010 Turhulentior
483 3951 541 4012 hoc
577 3951 641 4012 loco
675 3944 784 4007 Corsis.
842 3939 1092 4021 Coniungeudum
1124 3942 1169 4025 μη
1202 3936 1297 4026 ὑγιής

154 4063 246 4108 sensu
272 4055 412 4126 perapt03
445 4047 533 4111 simul
560 4049 642 4128 quod
674 4062 764 4107 sensu
797 4046 878 4101 caret
905 4059 957 4104 roco
976 4046 1034 4122 ipso
1061 4043 1138 4122 apud
1166 4043 1295 4106 Plinium

150 4145 240 4217 (varia
257 4145 358 4209 lectio:
374 4148 524 4226 κοσμίαν),
540 4147 612 4209 haee
624 4144 734 4208 erroris
746 4146 865 4222 praesto
878 4148 1045 4206 correctura
1058 4153 1118 4206 est:
1133 4162 1183 4206 ttae
1194 4163 1294 4226 sospes.

148 4293 272 4360 sarda:
308 4294 349 4356 ita
385 4301 506 4357 vocatur
542 4292 702 4376 pelamys
730 4306 792 4369 cap.
822 4285 881 4351 84:
924 4285 1051 4378 σάρδα
1092 4288 1282 4378 πηλαμύς

148 4391 251 4471 longa
275 4412 310 4453 ex
333 4412 469 4457 oceano
492 4395 623 4457 veniens.
731 4387 803 4452 ios·
829 4390 1032 4478 ἐπιμήκης
1058 4390 1253 4469 mandator,-
