2902 5040
574 287 819 352 -105-

121 470 230 532 decimi
252 486 315 530 uon
339 467 472 529 cernitur
494 466 551 527 nisi
574 472 662 545 caput
685 464 746 536 Sin,
770 483 871 527 versus
895 474 993 526 autem
1018 463 1116 542 quinti
1138 471 1168 523 et
1191 463 1268 524 vice-

121 570 190 632 simi
213 587 276 630 uon
299 566 356 629 nisi
372 566 502 628 clausula
524 569 555 627 ire
581 584 680 634 curos,
704 565 773 625 iude
789 565 980 644 archetypum
998 564 1068 624 olim
1085 562 1268 625 continuisse

121 671 154 731 in
175 667 285 748 pagella
307 683 500 746 unaquaque
523 684 625 726 versus
646 665 707 725 fere
724 663 893 742 quindecim
917 664 1019 725 eadem
1042 662 1268 723 ratiocinatione

121 767 256 846 colligas3
284 783 439 828 sumamus
461 783 602 827 versuum
626 765 784 825 fluctuasse
812 765 890 825 inter
916 764 954 823 14
978 770 1007 824 et
1032 763 1070 822 15
1093 778 1269 833 uumerum3

122 884 277 930 sumamus
300 865 371 927 item
396 865 474 945 quod
498 865 559 924 veri
585 863 769 924 simillimum
804 870 847 922 est
881 861 1034 923 mutilatas
1067 860 1133 921 illos
1166 877 1268 920 versus

122 966 273 1028 decimum
296 971 328 1024 et
348 962 520 1024 vicesimum
543 962 682 1041 quintum
698 960 825 1040 pagellae
840 960 953 1038 primae
975 959 1155 1038 alteriusque
1177 958 1268 1020 frrbse

124 1063 246 1127 ultimos
282 1069 311 1123 et
338 1062 374 1123 ad
397 1061 561 1140 marginem
595 1061 766 1123 inferiorem
800 1060 970 1140 proximos3
1004 1059 1108 1120 tertiae
1140 1058 1270 1138 pagellae

123 1163 246 1225 ultimus
276 1160 381 1223 evadet
402 1181 429 1222 v.
452 1159 503 1234 39,
535 1168 657 1239 quartae
680 1180 706 1219 v.
728 1159 778 1230 54,
802 1158 922 1238 quintae
946 1178 972 1218 v.
995 1157 1035 1219 67
1060 1156 1269 1237 (repetebatur

122 1262 201 1323 enim
225 1280 251 1322 v.
273 1259 314 1320 52
342 1266 411 1339 post
433 1279 457 1319 v.
480 1258 542 1337 64),
571 1258 700 1337 denique
723 1277 749 1318 v.
769 1257 807 1319 81
837 1263 935 1319 sextae
960 1255 1175 1335 paenultima,
1202 1263 1270 1335 post

122 1379 214 1440 quem
235 1358 385 1423 interiisse
408 1374 501 1419 unum
526 1375 644 1418 versum
668 1356 782 1434 (sextae
804 1375 872 1418 eum
895 1355 1024 1435 pagellae
1048 1354 1198 1428 ultimum)
1221 1353 1270 1415 in-

123 1459 273 1521 tellectum
290 1465 343 1520 est.
381 1458 441 1519 lam
465 1476 535 1519 vero
558 1458 646 1518 etiam
662 1463 731 1536 post
747 1476 772 1517 v.
789 1453 830 1516 90
846 1456 1017 1516 hexameter
1038 1453 1154 1515 interiit
1177 1472 1269 1527 unus3

122 1559 223 1639 itaque
246 1557 335 1619 etiam
359 1573 462 1618 versus
486 1556 526 1616 90
549 1556 675 1635 pagellae
698 1555 841 1634 septimae
869 1555 907 1616 sit
929 1553 1139 1635 paenultimus.
1183 1552 1269 1615 Vides

56 1712 58 1716 .
124 1657 267 1738 septimae
299 1656 349 1717 isti
382 1672 442 1716 non
476 1655 643 1734 quindecim
678 1665 751 1735 quot
778 1662 917 1734 parerat
946 1661 1040 1715 metra
1073 1651 1196 1714 concedi
1218 1651 1268 1713 sed

124 1773 231 1817 norem
253 1761 386 1829 tautum3
408 1753 507 1834 itaque
523 1753 577 1815 hac
599 1755 643 1815 via
666 1763 734 1834 post
750 1774 774 1814 v.
792 1753 833 1815 86
849 1760 900 1815 aut
916 1753 1048 1833 quinque
1071 1760 1122 1813 aut
1144 1771 1196 1813 sex
1218 1750 1271 1811 ab·

123 1862 225 1934 sorpta
252 1861 347 1916 metra
377 1853 637 1933 deprehendimus.
682 1853 711 1914 Si
738 1852 935 1933 perscriptum
963 1870 1066 1930 poema
1093 1851 1126 1912 in
1157 1849 1270 1926 singula

122 1953 227 2034 pagiua
260 1952 408 2015 columnis
439 1951 517 2013 binis
549 1953 656 2023 fuerat,
691 1970 777 2014 versu
803 1952 839 2012 10
862 1949 1020 2011 finiebatur
1041 1950 1144 2029 pagina
1166 1946 1292 2028 primas

125 2073 151 2114 r.
167 2050 207 2114 39
230 2053 368 2125 secunda,
391 2072 416 2112 v.
434 2050 474 2112 67
497 2051 594 2124 tertia,
617 2051 745 2130 denique
767 2050 799 2110 in
821 2056 925 2129 quarta
948 2049 1038 2110 simul
1060 2058 1090 2110 et
1113 2046 1151 2108 81
1177 2055 1207 2108 et
1229 2046 1269 2108 ad

124 2150 297 2232 paenultimi
312 2149 493 2228 legebantur,
516 2149 611 2210 ultimi
627 2158 727 2211 autem
744 2149 802 2210 duo
818 2147 908 2209 simul
923 2146 1048 2209 abscissi
1070 2156 1151 2208 sunt.
1189 2146 1269 2218 Quae

125 2250 183 2311 nisi
206 2249 331 2322 celerior
348 2246 497 2309 conclusio
514 2247 629 2309 dicetur
650 2247 761 2322 (hiatus
777 2247 904 2308 duorum
920 2263 1061 2308 versuum
1083 2251 1151 2325 post
1166 2265 1191 2305 v.
1211 2244 1269 2304 127

48 2354 53 2362 '
124 2349 179 2411 hac
201 2347 245 2409 via
268 2364 329 2407 non
352 2347 520 2427 explicatur,
543 2346 592 2408 sed
617 2346 715 2425 potius
738 2346 859 2408 ultimus
876 2345 1014 2407 carminis
1030 2363 1133 2406 versus
1150 2344 1270 2406 ultimae

124 2448 255 2529 pagellae
280 2446 400 2507 ultimus
416 2445 508 2506 fuisse
524 2445 666 2507 dicendus
683 2445 762 2525 erit),
785 2445 863 2506 nacti
887 2445 947 2506 iam
971 2463 1075 2506 sumus
1098 2451 1165 2523 post
1186 2464 1212 2504 v.
1229 2443 1270 2505 86

125 2546 313 2609 intervallum
337 2545 407 2606 satis
424 2561 565 2624 maguum
582 2565 640 2624 quo
664 2564 739 2625 quae
762 2545 969 2607 desiderantur
993 2553 1155 2606 memorata
1177 2543 1271 2606 luisse

126 2644 290 2708 credamus.
335 2642 534 2723 lucipicbatur
556 2643 618 2703 fere
639 2641 696 2703 sic:

227 2761 326 2823 Pisces
350 2760 489 2822 observes
513 2760 584 2842 quid
608 2768 708 2823 ament
730 2780 763 2822 ac
784 2760 861 2822 dona
884 2762 1034 2837 locorum3

126 2885 236 2961 deinde
257 2887 357 2948 statim
379 2887 556 2949 addebatur:
649 2961 652 2964 ᾖ
680 2957 682 2961 Ι

227 3014 304 3075 Num
328 3031 415 3073 mons
439 3013 596 3074 horrentes
619 3012 757 3074 demittat
779 3013 884 3074 celsior
908 3011 1027 3074 umbras

226 3112 261 3172 ln
285 3130 366 3174 mare
389 3115 469 3186 (nam
493 3111 571 3173 varie
594 3112 737 3190 quaedam
761 3111 939 3190 fugiuntque
962 3111 1156 3190 petuntque);

126 3238 192 3298 talis
227 3235 308 3296 enim
342 3235 527 3315 parenthesis
561 3236 598 3296 de
630 3255 688 3315 qua
722 3234 850 3297 diximus
873 3255 901 3314 p.
919 3234 959 3296 28
982 3236 1049 3298 addi
1070 3253 1133 3296 uon
1155 3244 1271 3315 poterat

127 3335 184 3396 nisi
206 3335 235 3396 in
258 3336 394 3413 exemplo
416 3335 557 3414 primore,
580 3334 709 3413 indeque
732 3334 821 3396 etiam
843 3334 976 3396 ordinem
999 3335 1108 3395 horum
1130 3353 1271 3396 versuum

126 3442 315 3515 praepostere
337 3434 477 3496 traditum
500 3452 564 3495 esse
586 3433 780 3511 intellegitnr;
802 3443 868 3495 tum
890 3434 1091 3512 sequebantur
1105 3434 1271 3514 partitionis

127 3534 261 3596 membra
284 3533 384 3594 nescio
407 3551 466 3612 quo
489 3532 591 3594 ordine
613 3533 676 3593 fere
698 3540 840 3613 quattuor
862 3532 983 3611 reliqua.

214 3633 317 3710 ltaque
341 3631 467 3710 Oppiani
494 3631 563 3691 licet
590 3631 704 3692 auxerit
730 3650 792 3693 rem
817 3639 917 3692 tamen
940 3631 1096 3693 consilium
1120 3640 1148 3691 et
1172 3630 1271 3710 dispo-

126 3731 194 3792 sitio
227 3731 292 3810 ipsa
325 3730 430 3791 similis
464 3730 491 3790 ei
522 3730 578 3792 fuit
605 3749 693 3808 quam
718 3729 879 3791 Ovidianus
903 3738 992 3809 poeta
1015 3729 1183 3808 assumpsit.
1229 3730 1271 3790 Ne

127 3829 265 3893 umbram
294 3828 413 3909 quidem
441 3838 574 3890 amantes
601 3829 693 3906 ignoti
717 3828 854 3909 Oppiano
876 3837 947 3890 sunt
970 3847 1149 3909 quamquam
1173 3828 1271 3889 minus

126 3936 287 3990 occurrunt
308 3925 426 4005 inipso
448 3925 616 4008 χωρισμῷ.
661 3926 734 3988 Nam
758 3928 846 3988 1605
870 3927 949 3988 iuter
971 3947 1004 3989 ea
1027 3945 1103 4006 quae
1124 3927 1155 3987 in
1175 3926 1271 3987 Ponto

127 4027 254 4088 maxime
275 4026 409 4105 placeant
431 4025 540 4087 adsunt
571 4026 660 4086 etiam
684 4021 782 4105 dinone
809 4027 956 4108 σκιεραί;
985 4026 1051 4087 ideo
1074 4026 1270 4104 hippurorum

127 4127 266 4188 dicuntur
288 4121 377 4207 φῦλα
403 4121 565 4204 moldonea
587 4125 718 4198 1V4223
741 4134 829 4204 atque
851 4125 888 4186 de
910 4124 1048 4205 pompilia
1064 4124 1100 4184 lV
1116 4122 1192 4185 438:
1215 4119 1271 4183 καὶ

126 4224 189 4308 γὰρ
215 4232 286 4295 τοῖς
312 4225 388 4285 ἴσον
413 4216 490 4305 ἦτορ
507 4220 564 4284 ἐπὶ
581 4231 745 4305 σκιεροῖσι
761 4219 925 4300 redderem
955 4224 1033 4284 unde
1049 4222 1083 4284 ad
1099 4242 1126 4282 v.
1142 4220 1181 4284 88
1196 4227 1271 4283 'con-

127 4324 239 4384 iectura
262 4321 341 4383 Riesi
363 4322 476 4383 frustra
500 4340 566 4382 esse
589 4322 705 4384 dicetur
733 4323 821 4385 haec:
850 4323 928 4385 Num
949 4341 1030 4384 mores
1056 4332 1194 4383 torrentes
1221 4323 1271 4384 de-

128 4427 223 4485 mittet
240 4422 341 4484 celsior
366 4424 459 4483 andos
485 4421 569 4484 cuius
598 4441 635 4484 ne
658 4439 782 4484 sensum
805 4422 926 4502 quidem
948 4426 1148 4502 opportunum
1174 4421 1271 4496 video;
