2902 5040
615 308 837 371 ..20-

155 488 187 547 iu
228 495 305 564 terpo
341 495 407 546 sunt
449 484 576 564 ideoque
618 504 690 565 poue
727 484 840 546 ontbios
875 501 935 544 oon
969 484 1057 556 odet,
1101 486 1227 563 quarum
1267 483 1302 544 in

155 583 247 644 altera
276 603 348 664 qima
377 583 578 645 nominativus
607 583 639 644 in
669 583 761 644 altera
789 582 969 644 arousativus
999 593 1063 656 θεῖς
1093 582 1133 643 ita
1163 588 1197 642 ut
1223 591 1302 660 terpo

155 680 298 742 locativus
333 682 417 762 quasi
450 681 489 743 sit
521 681 697 744 adiectivum
731 679 944 743 admirabiliter
965 680 1022 759 ipsi
1050 679 1217 742 accusativo
1247 679 1301 740 ad-

155 776 289 841 haereat!
333 779 513 859 Legitimum
542 778 665 841 fuisset:
694 797 775 841 arma
797 787 880 857 tergo
907 796 982 858 quae
1008 777 1118 857 adspioi
1140 777 1177 838 ab
1200 775 1300 839 anthia

155 887 321 955 nequeunt.
364 878 461 957 Atque
487 875 594 939 lioebat
614 895 733 940 versum
756 895 942 957 componere
957 877 1096 939 facillima
1117 875 1300 938 mutationes

154 975 278 1037 bntbias
301 976 347 1039 bis
370 975 462 1054 tergi.
476 994 554 1055 quae
576 994 639 1038 non
653 976 742 1047 videt,
769 975 863 1038 utitur
884 976 975 1037 armis
986 975 1051 1038 Vim
1075 975 1177 1055 spinae
1200 973 1302 1034 novit-

154 1091 212 1152 que
245 1092 325 1135 suae.
370 1073 429 1136 Sed
462 1074 606 1155 scriptum
637 1074 667 1136 id
702 1074 771 1136 olim
804 1092 907 1136 revera
938 1073 1033 1135 fuisse
1065 1071 1301 1153 improbabiliter

155 1178 277 1234 statues.
1029 1194 1031 1199 >
1184 1222 1187 1229 .
1295 1218 1299 1228 .

240 1269 420 1334 Idisoeautur
441 1269 579 1350 gravibus
601 1270 727 1346 leviora3
759 1268 947 1349 participium
975 1269 1069 1348 fidens
1090 1268 1135 1329 bis
1156 1267 1242 1330 adest
1262 1267 1299 1329 in

35 1364 37 1369 ’
155 1367 390 1437 Habentioorum
414 1369 584 1431 centenario
605 1368 733 1438 ambitn3
764 1365 886 1429 Ovidius
916 1367 974 1428 hoo
994 1367 1116 1429 verbum
1139 1365 1300 1427 satistuto

154 1467 270 1544 posuit3
293 1466 470 1529 infinitivum
494 1464 586 1529 babes
608 1466 676 1528 biot.
692 1466 755 1537 vu,
779 1466 840 1526 545
862 1464 949 1545 fidem
970 1465 1180 1544 sermionem
1203 1469 1300 1526 totum

153 1565 254 1628 losum
289 1566 437 1629 imitator,
455 1584 517 1627 non
550 1566 703 1645 ignorasse
735 1563 881 1643 videtur);
916 1583 966 1644 opo
998 1565 1063 1645 fidos
1095 1565 1200 1642 equino
1233 1560 1301 1622 Met.

154 1662 203 1736 lx,
239 1663 316 1739 1253
331 1723 333 1729 ,
348 1663 537 1744 participium
569 1666 660 1745 fideus
691 1664 785 1727 semel
817 1662 876 1724 vidi
904 1662 973 1724 bIet.
997 1662 1068 1732 vul,
1095 1659 1173 1725 370.
1192 1659 1300 1738 fidenas

154 1780 207 1840 pue
239 1762 397 1825 recentibus
430 1766 534 1836 ararim
571 1763 642 1844 mus
678 1761 819 1840 praetulit
851 1768 882 1822 at
914 1761 982 1821 biet.
1010 1760 1072 1832 XV,
1104 1756 1167 1819 827
1201 1764 1230 1818 et
1264 1775 1300 1817 ex

154 1857 252 1920 Ponto
274 1859 321 1933 IV,
343 1859 373 1930 9,
398 1858 455 1934 783
489 1868 592 1922 contra
615 1859 757 1938 Vergilius
784 1859 875 1940 fideus
897 1862 1069 1939 frequenter
1092 1855 1300 1939 praeamabat·

154 1976 212 2036 qua
240 1958 297 2019 boo
319 1960 459 2032 verbum,
494 1977 648 2038 nunquam
671 1958 749 2039 fisos.
794 1957 908 2019 Tamen
936 1965 1038 2018 ooutra
1063 1954 1157 2035 fidens
1179 1952 1301 2033 pedibus

153 2055 232 2135 quod
260 2063 305 2119 est
335 2056 397 2117 Hal.
421 2056 460 2118 63
484 2057 634 2137 disputare
656 2057 736 2117 nolo.
779 2054 887 2117 Premo
911 2056 1008 2118 locum
1031 2053 1156 2115 alterum
1179 2051 1232 2131 qui
1254 2059 1300 2129 est

153 2138 179 2213 ³v.
203 2153 244 2214 53
259 2171 319 2234 sq.:

155 2247 160 2336 J
253 2265 383 2345 Impiger
406 2283 473 2328 ecoe
495 2266 541 2327 leo
565 2273 726 2328 venantum
749 2271 884 2328 sternere
905 2256 1003 2346 pergit
1267 2330 1270 2337 ,

255 2362 377 2440 Agmina
401 2374 431 2424 et
453 2363 625 2425 adversis
642 2358 761 2425 ¹infert
782 2382 844 2424 sua
867 2370 1016 2444 pectora
1037 2363 1103 2425 telis
1160 2438 1163 2443 ,
1187 2350 1207 2451 γ’
1267 2352 1270 2357 ’

253 2460 378 2540 Quoque
400 2461 481 2522 veuit
504 2450 629 2523 fidens
653 2461 746 2540 magis
769 2469 798 2522 et
821 2461 964 2524 sublatior
985 2461 1069 2525 ardet
1091 2460 1153 2542 eqs.
1179 2450 1182 2454 ’
1287 2542 1299 2552 ,Δ

153 2579 187 2641 In
208 2578 316 2658 quibus
346 2581 469 2660 ponitur
489 2582 583 2661 fidens
604 2600 666 2644 non
688 2582 823 2661 adposito
846 2583 891 2644 veI
912 2582 1037 2644 ablativo
1061 2582 1105 2643 vel
1128 2581 1239 2654 dativo,
1267 2582 1298 2644 id

75 2706 79 2711 ·
152 2679 232 2756 quod
263 2695 323 2740 non
353 2681 423 2743 ieoit
444 2679 580 2755 Ovidius,
610 2688 640 2742 at
663 2698 732 2742 vero
755 2681 900 2764 Vergilius
922 2683 996 2744 deu.
1020 2681 1068 2753 XI,
1091 2679 1170 2753 3703
1204 2699 1296 2759 quem

152 2776 250 2855 locum
272 2786 407 2841 accurate
429 2779 455 2840 si
476 2780 601 2858 legeris:

252 2889 335 2950 dude
357 2898 445 2970 atque
467 2890 661 2952 adversum
684 2891 805 2952 fidens
827 2891 883 2953 fer
905 2899 1035 2971 paetus
1057 2891 1089 2952 in
1111 2892 1239 2964 bostem,
1294 2900 1297 2907 '

152 3024 214 3069 uon
238 3008 386 3071 dubitabis
409 3010 705 3090 Vergilianambanc
727 3011 923 3073 imitationem
946 3029 1115 3092 agnoscere.
1157 3011 1296 3072 Ceterum

150 3107 241 3186 fidens
262 3110 354 3168 animi·
373 3108 508 3171 absolute
530 3110 630 3190 posuit
650 3109 793 3189 Vergilius
815 3110 886 3171 beu.
910 3109 945 3184 II,
969 3111 1019 3172 61.

122 3286 124 3290 ³
174 3241 177 3247 ·
232 3206 373 3284 Pargitur
401 3213 500 3268 autem
530 3208 562 3268 iu
592 3206 654 3269 Hal.
682 3227 709 3268 v.
733 3209 774 3268 57
803 3209 839 3270 de
867 3209 951 3270 leone
979 3208 1073 3271 verbis
1095 3226 1183 3288 supra
1206 3206 1298 3269 casti-

150 3303 243 3382 gatis:
1182 3330 1185 3335 ¹

294 3400 423 3464 Procidit
447 3411 535 3484 atque
557 3423 612 3467 suo
636 3413 776 3484 properat
798 3403 854 3465 sibi
875 3404 983 3466 robore
1005 3404 1108 3466 letum.

151 3520 272 3583 Ovidius
305 3523 393 3584 verbo
421 3543 576 3605 properare
608 3525 792 3586 transitivam
815 3543 902 3604 quarn
926 3524 1028 3586 dieunt
1057 3524 1210 3610 notionem
1232 3542 1296 3585 non

91 3686 94 3689 ,
150 3620 297 3683 tribuebat
329 3622 386 3683 uisi
410 3623 450 3684 -in
484 3623 588 3684 formis
621 3623 726 3702 passivi
757 3623 889 3702 generis,
921 3623 1009 3702 quale
1041 3631 1087 3684 est
1111 3633 1297 3702 properatur

150 3736 233 3779 umor
261 3721 327 3780 Am.
351 3720 399 3793 III,
431 3722 457 3794 1,
487 3720 544 3796 693
577 3721 644 3782 Met
672 3722 704 3794 V,
731 3719 804 3795 396,
835 3721 909 3783 item
941 3731 1110 3800 properatus
1141 3721 1215 3782 dixit
1247 3740 1296 3783 res

148 3817 293 3896 plurimas
324 3819 402 3881 velut
430 3819 553 3900 gloriam
583 3819 714 3881 earmina
737 3819 836 3881 oscula
858 3818 1191 3892 sustentationum,
1221 3818 1295 3882 item

149 3916 344 3996 voluptatem·
367 3934 430 3978 non
468 3936 533 3979 osse
570 3917 644 3980 dixit
679 3918 898 3998 properandum
934 3918 997 3978 Art.
1030 3918 1074 3992 ΙΙ,
1107 3918 1207 3979 717.’
1235 3918 1296 3982 Sed

148 4012 250 4075 activis
281 4013 364 4076 verbi
395 4015 500 4076 dormis
529 4034 694 4096 numquam
710 4016 909 4081 ,transitivum
936 4016 996 4079 vim
1018 4017 1145 4090 addidit,
1176 4022 1297 4095 semper

148 4111 383 4187 intransitivam3
410 4113 448 4174 oi.
472 4113 539 4175 bIet.
556 4113 612 4187 ΙΙΙ,
635 4113 713 4190 6573
741 4114 788 4188 lv,
810 4114 889 4190 3173
920 4126 957 4178 eu¹
977 4115 1075 4177 Ponto
1097 4115 1146 4189 III,
1170 4116 1198 4189 5,
1222 4115 1242 4176 9
1264 4125 1296 4178 et

149 4210 279 4289 exempla
299 4209 414 4290 reliqua
435 4211 596 4275 innumera
617 4212 690 4274 fere.
728 4214 810 4286 Quae
831 4214 899 4294 quia
921 4224 981 4276 tam
998 4214 1090 4276 multa
1104 4225 1185 4287 sunt,
1208 4222 1295 4276 mute

148 4307 174 4370 is
196 4317 264 4386 aget
286 4308 338 4388 qui
365 4309 482 4371 leonem
511 4309 595 4371 illum
622 4310 653 4371 in
675 4310 848 4375 Halieutiois
878 4313 971 4374 letum
1002 4310 1059 4372 sibi
1083 4317 1293 4390 properantem

148 4413 268 4469 rectene
291 4407 404 4477 Nasoni
426 4407 607 4487 adsignarint
618 4409 814 4477 ¹addubitabit.
856 4409 997 4490 Vergilius
1019 4410 1136 4489 estqui
1159 4410 1293 4472 buno-iu
