2902 5040
557 314 777 381 ..73-

82 495 168 557 locus
194 495 401 574 grammaticos
430 503 459 556 et
484 497 581 575 ipsum
599 494 735 557 Vossium
763 495 795 554 in
811 493 978 557 Aristarcho
1000 495 1044 556 ed.
1061 495 1231 556 Poertsohl

83 612 112 673 p.
130 593 193 657 508
215 594 360 673 permovit
384 601 416 654 ut
435 594 513 654 inter
534 594 656 674 pluralia
677 600 794 654 tantum
815 593 865 653 ilia
887 599 1042 673 ponerent,
1063 593 1147 654 hillas
1168 611 1230 655 non

83 697 255 772 ponerent).
293 693 420 771 Recepta
436 699 534 754 autem
555 693 610 754 hac
630 693 800 753 coniectura
821 711 886 752 mea
909 692 968 753 iam
989 692 1020 752 in
1042 692 1088 752 illa
1111 711 1230 772 quoque

82 790 209 852 lectione
221 807 301 852 nnnc
312 791 401 852 simul
415 791 582 870 recipienda
597 789 746 852 comitilia
758 807 889 851 onorem
900 809 954 851 cur
968 791 1098 869 positum
1115 791 1153 851 sit
1168 791 1230 865 illo,

84 889 163 969 quod
181 889 265 950 aliter
279 897 309 950 et
325 889 423 968 ipsum
439 890 511 950 satis
526 889 700 963 abundaret,
714 889 879 969 explicabis.
903 889 1035 969 llenique
1050 906 1163 951 vomere
1178 909 1227 950 ac-

84 987 270 1048 curatissime
284 986 453 1066 Oppianeae
468 987 588 1048 lectioni
603 989 763 1066 respondet
779 982 958 1069 ἀνήμεσαν,
975 989 1054 1068 quod
1068 1007 1102 1048 eo
1115 988 1231 1066 gravius

84 1094 128 1146 est
142 1104 204 1165 quo
219 1085 338 1159 falsins3
354 1095 435 1146 certe
449 1086 565 1147 Roeotis
577 1086 677 1166 potius
693 1080 915 1148 emendavitne
932 1086 1030 1164 sepiae
1046 1085 1231 1158 videbantur,

84 1185 121 1245 cl.
138 1184 264 1245 Strattin
284 1185 361 1263 apud
377 1185 563 1246 Athenaeum
580 1203 606 1263 p.
625 1182 736 1257 utrm
758 1183 878 1263 Hesych.
894 1202 918 1244 s.
935 1202 977 1258 ν.;
998 1184 1084 1245 Phct.
1101 1183 1173 1255 341,
1193 1183 1230 1244 18

84 1299 265 1362 quamquam
294 1290 491 1344 atramentum
523 1283 554 1344 in
585 1301 636 1343 cre
666 1282 775 1344 habere
804 1282 884 1360 sepia
915 1281 1022 1345 dicitur
1048 1283 1148 1344 Galen.
1175 1283 1229 1343 lex.

84 1380 226 1460 llippoor.
242 1398 272 1461 p.
288 1378 366 1455 5283
381 1381 504 1460 Hesych.
524 1400 547 1441 s.
564 1400 589 1440 v.
606 1382 727 1461 μυττλς.

171 1505 212 1567 lle
238 1505 347 1586 mugile
373 1506 450 1586 apud
478 1505 616 1566 Ovidium
643 1526 667 1567 v.
687 1505 741 1568 38:

156 1605 223 1665 ‘ht
248 1603 363 1684 mugil
389 1605 500 1665 cauda
527 1605 708 1683 pendentem
736 1605 933 1667 everberat
960 1623 1081 1666 escam

185 1703 462 1782 Excussamque
488 1702 589 1780 legit.

84 1828 238 1891 Praeclare
267 1829 369 1890 eadem
399 1827 573 1889 Plutarchus
604 1846 630 1908 p.
648 1828 741 1888 utra
756 1846 819 1907 sq:
850 1824 1012 1899 πολλάκις
1042 1825 1079 1888 δὲ
1109 1826 1164 1889 καὶ
1194 1824 1230 1889 τὸ

82 1922 284 2011 στρογγύλον
313 1921 331 1988 ὁ
361 1924 548 2006 κεστρεύς
577 1921 776 1987 ὑποπτεύων
806 1924 841 1988 ἕν
863 1916 973 2008 κύκλῳ
1004 1924 1229 2008 περινήχεται,

83 2023 131 2108 τῇ
170 2019 272 2106 οδρᾷ
304 2021 622 2107 περιρραπίζων
657 2024 700 2086 τδ
737 2022 945 2104 ἐδώδιμον
977 2023 1044 2085 καὶ
1078 2020 1230 2086 ἀνακά-

83 2143 190 2184 πτων
205 2121 258 2201 (ita
274 2129 352 2184 recte
370 2122 625 2202 Wyttenbachius)
639 2121 681 2184 τδ
698 2118 1045 2205 ἀποκρουόμενον.
1066 2123 1136 2183 Vide
1152 2123 1231 2183 enim

84 2221 172 2281 etiam
196 2220 228 2281 in
246 2221 394 2282 rhetorica
416 2238 450 2281 re
473 2221 669 2282 concordiam.
707 2221 843 2282 Strictius
867 2221 958 2282 latine
974 2220 1131 2281 dicendum
1147 2222 1231 2300 plane

82 2319 153 2381 suit:
185 2319 327 2381 excutit
356 2338 454 2380 escam
485 2336 699 2398 excussumque
728 2320 808 2398 legit,
839 2320 964 2398 ideoque
993 2337 1112 2397 graece:
1143 2316 1231 2381 ἀπο-

83 2415 212 2500 κρούων
233 2414 269 2479 τδ
293 2412 460 2496 ἐδώδιμον
486 2416 541 2478 καὶ
568 2411 770 2480 ἀνακάπτων
795 2415 833 2479 τδ
861 2408 1147 2499 ἀποκρουόμενον;
1178 2418 1234 2479 hoc

82 2515 282 2590 concinnum3
299 2523 327 2578 at
341 2523 467 2595 uterque
482 2515 574 2577 laxius
590 2516 756 2595 loquuntur
777 2524 873 2577 utres
896 2515 983 2576 variis
1003 2515 1150 2576 coloribus
1166 2516 1232 2577 dili·

83 2615 208 2693 gentius'
225 2615 398 2675 illustretur.
446 2613 599 2692 Copiosior
626 2622 725 2674 autem
752 2614 929 2676 Plutarchus
955 2614 1005 2675 ubi
1032 2613 1165 2676 additur:
1193 2610 1234 2675 ἀν

83 2709 121 2773 δὲ
159 2713 204 2793 μὴ
223 2709 375 2794 δύνηται,
413 2708 563 2787 συνάγων
596 2711 633 2774 τὸ
670 2709 777 2794 στόμα
812 2711 868 2773 καὶ
898 2711 1110 2793 περιστείλας
1143 2721 1233 2784 τοῖς

82 2803 431 2893 χείλεσινάίκροις
452 2802 675 2892 ἐπιψαύων
691 2807 914 2881 ἀποκνίζει
936 2807 1232 2885 τοῦδελέατος;

82 2908 195 2970 Eadem
220 2909 309 2971 etiam
332 2908 448 2988 cognita
472 2909 606 2989 Oppiano
623 2911 662 2972 lll
677 2910 740 2971 520
749 2927 833 2989 sqq:

820 2999 858 3067 ού
888 3000 967 3086 μάλ’
995 3002 1133 3087 ἑτοίμως

185 3103 297 3187 ψαύσε
324 3103 435 3186 βορῆς,
463 3099 559 3190 οὐρῇ
585 3103 628 3166 δὲ
654 3102 786 3188 πάρος
813 3101 1016 3186 μάστιξεν
1042 3102 1212 3185 ἐγείρων

185 3193 426 3285 ἀγκιστρον,
452 3194 565 3283 μήπου
591 3225 641 3275 τις
668 3200 715 3264 ἐνὶ
742 3206 820 3285 χροΐΙ
839 3196 974 3283 θέρμετ’
1002 3194 1111 3283 ἀϋτμή

186 3302 286 3385 (ζωοῦ
311 3303 372 3387 γὰρ
398 3302 589 3387 κεστρεῦσιν
615 3296 792 3382 ἀπώμοτόν
816 3298 885 3362 ἐστι
914 3295 1123 3380 πάσασθαι).
1188 3296 1190 3300 ’

187 3400 285 3465 ἔνθεν
312 3399 418 3464 ἔπειτ’
446 3398 624 3485 ἄκροισι
651 3395 858 3472 διακνίζει
886 3390 1141 3479 στομάτεσσι

186 3500 311 3563 δαῖτα
337 3497 551 3585 περιξύων.
597 3487 711 3570 ἀλιεύς
737 3495 775 3559 δὲ
801 3493 866 3558 κτλ.
998 3512 1000 3516 ’
1049 3491 1051 3496 ’

86 3645 129 3707 Ad
147 3641 310 3723 περιξύων
325 3643 480 3706 scholiasta
497 3633 713 3725 παραψαύων
728 3648 908 3721 apparetque
920 3626 1098 3702 Graecorum
1115 3648 1234 3701 utrum-

86 3762 145 3823 que
160 3743 224 3822 ipsa
240 3742 367 3821 exempli
382 3742 520 3803 vocabula
536 3741 567 3801 in
582 3742 637 3807 hac
651 3740 815 3820 posteriore
831 3746 913 3819 parte
929 3737 992 3819 pari
1013 3738 1164 3818 diligentia
1185 3757 1233 3799 as-

87 3840 258 3919 sumpsisse.
305 3841 364 3902 Sed
394 3841 474 3901 enim
505 3840 541 3901 ad
572 3839 721 3901 Plutarchi
751 3838 840 3899 rerba
873 3833 915 3898 ἀν
945 3834 983 3897 δὲ
1016 3835 1060 3919 μή
1096 3831 1233 3918 δύνηται

87 3939 140 4018 (sc.
159 3932 370 4021 ἀποκρούων)
393 3939 480 4000 etiam
501 3938 645 4001 rationem
664 3938 819 4018 Oppianus
841 3937 972 4016 aliquam
992 3935 1097 3997 inserit
1112 3954 1138 3995 v.
1156 3934 1232 3996 523:

87 4038 247 4116 nequire
278 4037 357 4098 enim
387 4033 528 4114 mugilem
558 4038 713 4099 comedere
744 4054 840 4098 escam
867 4035 892 4095 si
918 4034 997 4096 calor
1022 4034 1054 4094 in
1081 4053 1115 4095 ea
1140 4034 1179 4094 sit
1205 4042 1235 4094 et

87 4136 169 4199 rivus
201 4135 316 4196 halitus.
370 4135 485 4197 Hocine
506 4135 592 4197 etiam
616 4134 791 4196 Plutarchus
810 4131 944 4213 legerat‘.l
988 4132 1083 4193 lmmo
1113 4132 1235 4193 variavit

86 4253 149 4296 rem
172 4234 339 4314 Oppianum
369 4252 467 4312 neque
493 4234 572 4294 enim
598 4233 656 4293 iarn
684 4232 830 4293 sollertiae
856 4231 984 4310 piscium
1011 4231 1067 4292 hoc
1093 4231 1156 4290 loco
1182 4230 1233 4291 sed

65 4334 218 4394 rationes
244 4339 352 4394 tractat
378 4333 485 4413 quibus
511 4331 574 4410 capi
601 4332 729 4404 soleant3
755 4331 854 4410 itaque
880 4330 922 4391 sic
943 4329 1166 4392 transformavit
1190 4331 1234 4389 l-

87 4431 197 4503 bulam,
213 4439 256 4491 -nt
275 4430 396 4500 hamum
423 4433 520 4511 ipsum
541 4429 767 4509 periculumque
786 4430 909 4491 subesse
936 4428 1060 4490 omniuo
1083 4445 1146 4488 non
1160 4446 1234 4507 ,per-
