2902 5040
666 298 889 362 ,26-

208 493 289 537 arma
323 473 458 535 conferre
492 472 568 552 apud
601 472 748 552 Nepotem
781 472 811 534 in
845 473 980 536 Eumene
1013 473 1113 550 lII‚b;
1150 473 1229 535 unde
1262 474 1351 535 etiam

208 572 381 653 simpliciter
401 574 433 634 irc
461 570 567 634 collum
597 579 700 634 auctor
721 571 771 633 ille
797 571 867 634 boib
892 573 1095 652 Hispaniensis
1122 591 1167 654 cp.
1191 571 1249 647 313
1281 590 1352 651 pec·

207 678 272 733 tora
293 667 463 750 pectoribus
485 667 643 731 conferunt
664 670 809 732 luctantes
832 669 910 750 apud
938 671 1084 733 Nasonem
1110 670 1181 733 liet
1204 670 1252 743 VI,
1274 669 1353 743 2423

208 769 288 830 idem
309 767 508 847 pulcherrime
531 767 633 830 collato
655 767 747 832 Morte
768 767 837 830 Not.
859 767 923 841 ΧΠ,
947 767 1019 830 379.
1053 770 1123 843 lam
1146 769 1196 831 ubi
1223 769 1353 832 bumana

207 867 292 948 plura
326 865 500 928 animalibus
532 866 720 936 tribuuntur,
751 866 841 928 etiam
875 886 956 929 arma
989 867 1123 930 conterat
1155 867 1250 931 bestia
1283 887 1353 931 curn

208 965 336 1033 homine.
382 964 440 1027 Sed
464 981 608 1045 quaenam
631 965 685 1027 bne
706 963 832 1037 bestiae,
865 982 941 1046 quse
963 966 1110 1047 proelium
1131 966 1250 1040 ineant,
1278 968 1354 1029 inito

207 1065 320 1146 proelio
335 1063 488 1126 hominem
504 1064 654 1145 effugiant,
676 1063 784 1126 deinde
798 1064 952 1145 aufugiant
976 1073 1007 1126 ut
1028 1065 1225 1146 insequantur
1240 1062 1353 1129 canes?

208 1166 361 1244 Aprumne
382 1163 505 1226 unicum
528 1159 662 1242 cogites?
684 1162 722 1225 ol.
737 1163 907 1225 bentleinm
929 1164 964 1227 ad
988 1163 1092 1226 Horati
1113 1165 1144 1226 C·
1165 1164 1205 1228 Ill
1227 1164 1277 1237 12,
1300 1165 1355 1239 103

208 1271 307 1325 tamen
324 1263 408 1325 aliter
423 1263 458 1324 de
474 1280 508 1324 eo
524 1261 667 1342 Vergilius
682 1262 756 1324 Aen.
772 1261 799 1322 x
815 1261 888 1324 708.
916 1261 1020 1342 Neque
1034 1264 1196 1345 perdamus
1214 1263 1355 1326 acumina

209 1349 311 1424 nostra
325 1360 496 1440 explicando
512 1359 604 1422 hebes
626 1360 682 1421 boc
697 1359 849 1440 ingenium
865 1359 936 1440 quid
953 1379 1071 1440 quaque
1086 1360 1203 1424 inscitia
1218 1361 1354 1424 voluerit.

210 1462 337 1539 Accepta
359 1466 458 1522 antem
480 1458 528 1520 illa
550 1458 797 1538 interpretatione
819 1476 873 1523 cur
894 1475 993 1540 quem
1014 1459 1104 1522 Ulitio
1127 1460 1201 1523 duce
1223 1461 1354 1541 corriga-

210 1574 278 1622 mus
300 1575 386 1620 causa
408 1557 488 1621 nulla
512 1557 576 1618 erit.

294 1670 336 1730 Ad
359 1687 403 1729 vv.
427 1666 551 1728 85-91
576 1665 719 1730 accedens
740 1667 871 1748 indignis
900 1686 952 1732 eos
980 1669 1104 1732 obrutos
1134 1669 1355 1733 difficultatibus

210 1766 321 1830 ridebis
342 1767 406 1828 sine
429 1765 518 1828 dubio
547 1784 623 1846 quae
645 1766 733 1828 solito
757 1783 840 1828 more
869 1767 1004 1847 castigari
1034 1769 1124 1845 velis3
1151 1769 1239 1832 nobis
1267 1769 1356 1832 easti-

209 1865 297 1947 gandi
320 1864 412 1945 magis
440 1864 569 1926 editores
597 1863 747 1936 ridentum
781 1882 881 1944 neque
912 1865 973 1926 iam
1002 1865 1043 1928 ita
1071 1867 1201 1929 multum
1230 1867 1357 1930 interest

209 1967 316 2046 plusne
338 1982 377 2026 an
400 1963 499 2025 miuus
519 1962 618 2025 vitiosi
645 1981 680 2024 er
706 1961 780 2024 falso
810 1963 868 2026 isto
898 1963 1000 2025 Ouidio
1030 1963 1212 2028 conteratur.
1257 1965 1356 2047 Prope

209 2065 279 2127 litus
307 2062 488 2124 manendum
519 2060 657 2141 piscatori
680 2068 745 2134 ·est;
777 2059 817 2122 ibi
844 2061 942 2123 locum
976 2060 1033 2124 sibi
1063 2072 1164 2144 aptum
1192 2063 1279 2144 eIIgat
1304 2071 1357 2126 aut

209 2180 346 2225 sarosurn
376 2168 427 2222 aut
453 2159 629 2221 umbrosum
660 2168 712 2221 aut
739 2160 868 2241 denique
894 2158 1068 2224 herbosum.
1112 2162 1191 2225 Ilaec
1222 2163 1356 2225 locorum

210 2261 313 2324 divisio
336 2259 488 2323 inducitur
509 2257 587 2338 apud
609 2256 779 2320 Merkelium
796 2259 885 2327 ulmis
901 2278 969 2321 eum
985 2259 1186 2340 indulgentem
1209 2258 1355 2323 arbitriis:

310 2391 394 2451 Inter
415 2395 578 2468 utrumque
600 2386 655 2449 loci
680 2387 784 2453 melius
808 2388 999 2451 moderabere
1021 2389 1126 2452 linum.

211 2507 293 2579 Quae
314 2504 400 2566 lectio
424 2522 462 2566 ne
493 2521 545 2583 ego
574 2503 694 2584 quidem
725 2502 825 2564 animo
853 2521 892 2567 ue
919 2513 1121 2571 succresceret
1154 2504 1242 2568 vitari
1272 2524 1358 2568 ccm-

211 2611 313 2686 parato
354 2601 481 2663 Nasonis
515 2620 601 2664 versu
635 2600 705 2662 Met.
735 2599 816 2674 XIII,
844 2599 921 2664 923:
963 2603 1048 2666 Nunc
1079 2607 1111 2666 in
1148 2603 1221 2667 mole
1258 2603 1359 2667 sedeur

211 2702 384 2764 moderabor
415 2701 578 2765 tornedriso
608 2701 699 2763 libum
728 2718 856 2782 quocum
889 2701 1086 2767 conterendus
1117 2702 1282 2767 moderator
1301 2703 1357 2787 ltn-

210 2801 345 2863 rnodim's
377 2798 445 2860 Met.
469 2798 539 2872 VIII,
564 2798 635 2860 847.
690 2799 802 2861 Tamen
831 2817 864 2860 ea
892 2798 935 2862 uti
965 2800 1034 2863 nolo
1062 2808 1149 2862 antea
1183 2818 1271 2880 quam
1304 2802 1359 2865 de·

211 2904 410 2977 monstratum
435 2904 479 2958 est
493 2895 631 2976 coniungi
645 2897 779 2976 potuisse
801 2900 876 2963 Inter
889 2906 1043 2978 utrumqne
1058 2896 1122 2971 loci,
1145 2897 1195 2959 ubi
1218 2907 1356 2977 expecto:

211 2997 289 3059 inter
318 3005 479 3075 utrumqne
508 2996 554 3058 vel
581 2996 679 3057 locum
703 2995 749 3057 rel
770 2994 914 3057 locorum.
965 2995 1115 3077 Exemplis
1144 2996 1272 3058 maxime
1297 2997 1357 3061 illis

211 3095 361 3158 Ovidiauis
400 3114 476 3175 quae
513 3113 540 3175 p.
579 3093 617 3154 12
653 3095 835 3174 aggessimus
867 3101 1003 3157 vetamur
1042 3111 1082 3155 ne
1120 3111 1182 3159 uon
1222 3094 1358 3159 absolute

210 3201 285 3259 inter
317 3204 470 3277 utrumqne
504 3193 635 3275 positum
670 3194 762 3258 fuisse
796 3212 961 3257 sumemus.
1003 3195 1108 3275 ltaque
1140 3194 1282 3275 quoniam
1316 3213 1356 3257 ne

212 3295 249 3357 de
272 3295 329 3358 loci
349 3293 466 3373 quidem
495 3293 623 3356 lectione
645 3293 724 3355 serio
745 3292 876 3356 dubitari
897 3301 1008 3374 potest,
1030 3293 1216 3373 agnoscenda
1238 3292 1358 3374 propria

211 3393 300 3455 buius
324 3391 477 3474 scriptoris
501 3391 621 3455 andacia
644 3399 689 3454 est
712 3391 763 3472 qni
784 3391 897 3455 seilicet
910 3391 999 3456 finem
1015 3393 1072 3454 loci
1086 3392 1234 3457 moderari
1248 3392 1358 3466 iubeat,

210 3493 267 3554 boc
294 3501 340 3554 est
369 3491 469 3565 „vario
502 3491 590 3552 modo
616 3492 715 3553 locum
743 3490 894 3552 definiret
937 3489 1024 3552 Vides
1057 3490 1148 3570 igitur
1179 3490 1269 3553 etiam
1301 3489 1359 3553 hoo

212 3609 275 3653 esse
297 3591 326 3652 in
350 3609 410 3670 quo
433 3588 617 3669 aliquatenus
641 3587 726 3651 Ovidi
749 3589 842 3650 lector
862 3587 959 3670 possit
980 3588 1113 3652 haerere.
1158 3587 1312 3670 Sequitur:

312 3708 423 3787 Aspara
446 3722 519 3766 num
542 3704 622 3768 saxis
644 3705 706 3767 loca
729 3703 791 3765 sint
813 3722 892 3784 eqs.;

211 3832 301 3904 atque
333 3823 434 3884 nescio
468 3840 541 3884 uum
576 3821 634 3882 iarn
665 3821 848 3900 persuaseris
881 3818 934 3882 tibi
967 3825 1028 3881 tam
1062 3816 1109 3879 vir
1141 3817 1233 3880 latine
1265 3817 1358 3881 istum

212 3921 365 4002 scripsisse
386 3928 420 3982 ut
442 3919 587 4000 triplicem
611 3919 793 3981 sententiam
824 3918 937 3999 optioni
966 3917 1050 3979 daret
1071 3915 1212 3998 particula
1233 3923 1278 3978 ter
1299 3935 1359 3996 po-

211 4024 267 4083 sita
283 4038 344 4081 nou
365 4022 433 4092 sive,
458 4017 508 4080 sed
531 4035 618 4090 ouem
651 4025 715 4079 tum
749 4017 787 4078 ad
814 4015 999 4080 moderatore
1020 4015 1128 4078 animo
1160 4013 1357 4095 supplendum

212 4119 268 4182 erit
288 4121 444 4200 inquirens.
489 4116 547 4177 Sed
577 4115 719 4176 excidisse
749 4115 856 4196 aliquid
886 4121 954 4195 post
982 4134 1010 4176 v.
1034 4113 1074 4176 85
1102 4112 1228 4176 coniecit
1256 4112 1359 4194 Haup-

213 4219 281 4293 tius,
304 4224 393 4296 atque
416 4214 453 4276 ad
476 4230 539 4276 earn
563 4214 740 4275 tirmandam
765 4214 967 4276 coniecturam
990 4213 1047 4275 boo
1066 4211 1146 4285 facit,
1174 4211 1254 4292 quod
1277 4211 1306 4272 in
1329 4232 1357 4272 r.

212 4316 253 4378 89
275 4314 428 4377 scribitur:
458 4331 527 4374 nam
548 4315 629 4374 vorle
650 4314 766 4393 quidum
783 4314 953 4393 fugiuntque
967 4320 1139 4392 petuntque3
1160 4311 1263 4389 fugere
1277 4311 1358 4373 onim

212 4414 278 4495 quis
301 4413 405 4475 dicitur
434 4420 464 4474 et
485 4407 658 4492 petessere?
686 4411 781 4491 pisces
808 4411 960 4474 nimirum.
1005 4410 1062 4472 Sed
1080 4408 1217 4492 'piscium
1244 4426 1358 4472 nomeu
