2902 5040
578 304 821 373 -123-

216 484 311 564 Atque
334 486 503 546 communia
527 488 620 566 poetis
642 487 757 549 duobus
780 504 840 548 non
864 505 954 567 pauca
979 488 1137 550 minutiora
1159 487 1270 559 vidistit

128 585 221 644 tinem
236 584 291 645 bac
303 583 498 645 similitudine
519 585 623 646 faciam
650 584 785 665 quamvis
812 604 873 649 non
899 587 1043 650 debeatur
1069 588 1127 651 nisi
1152 586 1270 648 coniec-

130 691 223 743 turae.
255 681 329 743 llam
345 682 382 743 de
397 683 476 745 ranis
492 680 612 746 Ovidius
629 704 654 745 v.
674 683 749 746 125:
831 693 834 701 ’

208 892 210 899 Α
230 818 306 905 Tum
322 818 437 904 lepores
452 821 513 895 lati,
529 830 594 885 tum
609 824 715 886 molles
730 832 846 904 tergore
861 788 950 886 ranae

230 916 360 982 Extremi
375 939 484 1003 paseuc
925 922 928 931 ’

131 1060 268 1123 Ceterum
288 1059 407 1123 ruinam
433 1060 604 1124 hexameter
629 1061 726 1125 traxit.
764 1062 826 1126 Nes
851 1063 966 1126 turbata
995 1083 1050 1126 vex
1070 1081 1177 1143 purete
1199 1060 1270 1140 quid

130 1158 296 1237 significare
309 1158 438 1238 potuerit
465 1159 643 1238 cogitemus3
671 1162 850 1240 pascendi
877 1162 997 1242 quidem
1014 1161 1096 1225 verbi
1109 1160 1205 1223 forma
1221 1166 1271 1221 aut

131 1265 227 1319 metro
242 1259 410 1323 antsensui
429 1259 510 1343 nulla
536 1260 793 1334 accomodabitur3
818 1261 896 1323 aliud
922 1280 1020 1325 serrae
1047 1270 1077 1324 et
1103 1259 1199 1340 aptius
1225 1257 1272 1321 vix

130 1356 304 1437 praestabit3
332 1365 470 1437 expertus
497 1376 564 1420 vero
580 1357 715 1421 disiectas
735 1359 846 1423 litteras
872 1359 911 1422 ita
939 1359 1065 1438 colliges,
1092 1367 1127 1420 ut
1152 1357 1271 1421 nancis-

130 1455 207 1519 caris
234 1465 359 1536 aspecta.
402 1456 462 1517 lam
493 1457 596 1536 copula
625 1456 779 1521 deficiente
809 1476 920 1521 novum
951 1457 1041 1538 piscis
1072 1474 1181 1520 nomen
1211 1473 1273 1519 non

131 1553 310 1634 probabilius
325 1554 450 1618 induces
466 1573 555 1634 quam
570 1556 689 1634 aliquod
704 1556 741 1619 de
755 1556 829 1636 ipsis
843 1558 924 1621 ranis
939 1556 1158 1638 praedicatum.¹
1180 1554 1273 1629 Ouid·

131 1653 307 1732 corrigitur
326 1653 357 1717 iu
372 1654 452 1719 ranis
469 1654 602 1727 extremi,
626 1663 655 1716 et
671 1655 791 1735 quidem
809 1657 889 1736 quod
904 1656 1002 1719 notari
1017 1663 1138 1736 aspectu
1154 1651 1273 1734 pessit?

131 1752 294 1816 llilicillima
318 1771 384 1814 res:
411 1754 616 1833 quaerendum
641 1763 687 1818 est
713 1754 793 1817 enim
820 1755 968 1834 genitivus
983 1755 1032 1819 ilie
1047 1752 1273 1817 molestissimus

130 1851 210 1917 uude
222 1851 406 1932 pependerit.
434 1852 487 1919 Sin
502 1860 601 1976 putem
614 1852 783 1934 Oppianum
798 1854 963 1933 inspexeris
978 1853 1030 1935 qui
1046 1851 1165 1932 scripsit
1179 1850 1273 1914 1186:

132 1984 136 1993 '
181 2004 183 2009 ¹
232 1972 449 2060 Βάτραχος
465 1971 506 2040 αὖ
521 1976 635 2060 νωθὴς
650 1978 711 2060 μὲν
725 1973 814 2059 ὁμῶς
829 1976 885 2039 καὶ
900 1976 1075 2059 μαλθακὸς
1091 1970 1201 2056 ἰχθύς,

232 2075 403 2154 αἴσχιστος
419 2069 452 2139 d’
470 2075 616 2139 ἰδέειν·
635 2074 743 2157 στόμα
758 2072 791 2139 d'
807 2079 935 2155 elysaeo
951 2073 1046 2160 εὐρὺ
1061 2067 1115 2158 μα’
1122 2074 1252 2150 λιστα,

131 2192 235 2262 vereor
249 2218 287 2265 ne
301 2199 355 2261 tibi
370 2200 410 2263 ita
425 2202 488 2262 lere
504 2201 641 2264 Ovidium
657 2202 848 2282 complevisse
863 2219 981 2265 versum
996 2201 1188 2283 persuadeas:

454 2334 519 2388 tum
536 2328 641 2390 molles
656 2336 773 2408 tergore
789 2346 886 2403 ranae,

233 2425 400 2489 Extremi
418 2433 541 2506 aspectu
555 2434 650 2490 taeter
665 2427 772 2508 quibus
788 2428 867 2490 oris
883 2427 990 2491 hiatus.

133 2558 166 2618 ld
192 2563 293 2620 autem
318 2557 398 2618 haud
424 2556 485 2618 scie
509 2576 582 2620 num
608 2549 669 2621 cdv
694 2554 787 2635 βῶκα
806 2559 884 2638 apud
900 2559 1068 2641 Oppianum
1083 2558 1096 2622 1
1113 2559 1174 2620 llO
1189 2557 1277 2621 sche-

133 2656 217 2716 liasta
231 2672 333 2717 ranam
349 2675 415 2717 esse
440 2664 520 2718 recte
547 2655 655 2718 dixerit
683 2657 837 2734 degentem
863 2656 986 2737 quidem
1012 2658 1096 2719 illum
1122 2673 1182 2719 uua
1208 2675 1275 2720 cum
1364 2713 1366 2717 .

132 2772 238 2817 maana
263 2763 293 2816 et
318 2755 446 2827 smaride
471 2746 539 2816 vind
567 2749 719 2835 χλοεραῖς
745 2751 915 2840 perdenda.
961 2756 1064 2819 Molles
1090 2765 1205 2834 tergore
1231 2754 1276 2816 di-

134 2861 245 2916 cuntur
259 2854 291 2914 ni
305 2853 391 2915 fallor
405 2854 474 2934 quia
500 2872 568 2934 pars
593 2871 684 2916 ranae
698 2854 847 2934 posterior
871 2862 901 2917 et
926 2855 990 2935 ipsa
1005 2855 1098 2919 cauda
1112 2853 1195 2916 valde
1210 2871 1277 2916 car-

136 2971 208 3015 nosa
222 2972 286 3014 esse
301 2952 510 3032 (Aristotele
529 2954 578 3028 14)
600 2953 752 3032 maiorque
774 2953 906 3032 corperis
927 2953 1091 3033 amplitudo
1106 2951 1277 3032 seponens

134 3052 237 3130 (trist.
253 3050 345 3114 deor
361 3052 415 3133 27)
431 3052 614 3114 credebatur.
694 3094 696 3101 ·

220 3150 354 3212 Vidimus
381 3151 597 3214 Germanorum
626 3150 746 3231 quidem
773 3149 907 3230 piissimo
935 3159 1056 3213 cautere
1084 3148 1177 3212 invito
1203 3167 1278 3229 quae

137 3255 275 3312 contecta
290 3257 319 3311 et
334 3251 483 3313 concelata
502 3250 643 3314 inaccessi
658 3249 781 3330 gurgitis
795 3248 927 3311 tenebris
942 3249 1066 3312 deorum
1081 3247 1277 3328 propitiorum

135 3351 220 3411 iussu
257 3349 476 3411 delitescebant.
523 3349 672 3411 Clauditur
707 3347 901 3428 profundum.
946 3349 1068 3411 Terram
1102 3348 1276 3427 premimus.

136 3448 415 3527 Oirernrspiciamus
445 3448 578 3528 quamvis
607 3434 746 3511 delassati
780 3447 944 3528 spirituque
979 3447 1086 3511 anhelo
1118 3454 1151 3507 ut
1179 3463 1218 3507 ne
1248 3446 1278 3506 in

133 3549 237 3610 ,undas
249 3547 429 3627 proiciamur
454 3547 561 3609 ilerum
589 3565 664 3608 num
690 3565 778 3625 quem
804 3550 934 3611 tructam
954 3545 1042 3609 buius
1058 3543 1233 3609 minationis
1249 3552 1279 3609 et

134 3647 222 3727 qnasi
247 3645 345 3725 ipsum
369 3665 460 3725 quem
486 3653 567 3708 vates
593 3645 641 3707 ille
667 3644 740 3706 dixit
765 3645 903 3724 cyathum
930 3663 1053 3708 aureum
1067 3643 1277 3709 invenerimus.

137 3747 177 3807 m
201 3744 281 3806 enim
306 3744 433 3824 scopulis
460 3763 514 3823 ege
540 3745 572 3807 in
597 3745 659 3805 imo
675 3745 849 3808 haerentem
865 3745 1024 3824 desperans
1049 3743 1155 3823 reliqui
1182 3760 1279 3822 neque

137 3845 202 3924 eius
217 3844 275 3906 nisi
291 3843 450 3922 imaginem
465 3843 604 3924 conspexi
620 3842 788 3922 ambiguam
804 3853 833 3905 et
847 3843 935 3906 nimis
951 3843 1142 3907 diffluentem
1245 3904 1248 3908 .

214 3941 347 4022 ,Propria
374 3941 512 4005 Ovidium
542 3941 665 4013 hahere,
694 3942 812 4022 propria
839 3943 927 4005 etiam
952 3941 1120 4023 Oppianum
1146 3939 1278 4006 animad-

139 4042 266 4114 vertisti.
284 4041 373 4103 simul
393 4050 493 4103 tamen
509 4040 716 4104 similitudines
737 4041 817 4103 inter
832 4048 993 4123 utrumque
1008 4039 1192 4103 intercedere
1207 4038 1279 4101 tales

139 4150 244 4203 ettam
259 4140 376 4203 crebras
392 4147 426 4203 ut
441 4158 543 4202 cesum
561 4140 594 4201 in
614 4139 650 4200 iis
667 4140 761 4202 valere
777 4156 838 4203 non
854 4141 965 4205 credas.
996 4138 1104 4201 Credas
1120 4136 1280 4199 Helieutica
1386 4161 1390 4173 ‚

140 4240 236 4319 aliqua
250 4239 417 4318 antiquiora
433 4239 587 4302 obversata
602 4238 707 4301 animis
723 4238 880 4319 utriusque
899 4259 976 4315 esse,
1002 4257 1077 4318 qnae
1104 4255 1166 4304 nen
1187 4237 1279 4301 inter-

141 4336 313 4420 pretatione,
340 4338 392 4403 sed
417 4337 584 4403 imitatione
608 4337 701 4402 secuti
722 4336 790 4401 sint.
819 4338 877 4422 Sed
892 4338 989 4419 primo
1004 4336 1068 4399 leco
1083 4335 1279 4401 sollertiorem

72 4496 77 4502 .
140 4435 267 4522 popam
297 4455 356 4502 uae
386 4437 510 4501 cenulae
539 4437 717 4517 scriptarum
746 4438 980 4505 narratiunculas
1009 4436 1051 4503 ita
1079 4434 1278 4503 conformatas

141 4534 299 4616 utrobique
315 4535 421 4608 vidisti,
443 4544 484 4608 ut,
499 4555 548 4599 eos
566 4555 669 4617 prosae
691 4535 791 4616 potius
814 4535 954 4598 orationis
980 4533 1171 4597 fabulatorem
1195 4534 1280 4614 quasi
