<?xml version="1.0" encoding="UTF-8"?>
<!DOCTYPE html PUBLIC "-//W3C//DTD XHTML 1.0 Transitional//EN"
    "http://www.w3.org/TR/xhtml1/DTD/xhtml1-transitional.dtd">
<html xmlns="http://www.w3.org/1999/xhtml" xml:lang="en" lang="en">
 <head>
  <title>
</title>
<meta http-equiv="Content-Type" content="text/html;charset=utf-8" />
  <meta name='ocr-system' content='tesseract 3.04.00' />
  <meta name='ocr-capabilities' content='ocr_page ocr_carea ocr_par ocr_line ocrx_word'/>
</head>
<body>
  <div class='ocr_page' id='page_1' title='image "./dehalieuticisov00birtgoog_0033.png"; bbox 0 0 2902 5040; ppageno 0'>
   <div class='ocr_carea' id='block_1_1' title="bbox 535 306 753 379">
    <p class='ocr_par' dir='ltr' id='par_1_1' title="bbox 535 306 753 379">
     <span class='ocr_line' id='line_1_1' title="bbox 535 306 753 379; baseline -0.018 -23"><span class='ocrx_word' id='word_1_1' title='bbox 535 306 753 379; x_wconf 38' lang='lat'><em>..¹17-</em></span> 
     </span>
    </p>
   </div>
   <div class='ocr_carea' id='block_1_2' title="bbox 22 478 1230 3808">
    <p class='ocr_par' dir='ltr' id='par_1_2' title="bbox 22 478 1230 3415">
     <span class='ocr_line' id='line_1_2' title="bbox 72 478 1217 563; baseline 0.006 -22"><span class='ocrx_word' id='word_1_2' title='bbox 72 478 116 542; x_wconf 86' lang='grc'><strong>64</strong></span> <span class='ocrx_word' id='word_1_3' title='bbox 129 500 176 561; x_wconf 86' lang='lat' dir='ltr'><strong>sq.</strong></span> <span class='ocrx_word' id='word_1_4' title='bbox 210 480 272 543; x_wconf 76' lang='lat'><strong>503</strong></span> <span class='ocrx_word' id='word_1_5' title='bbox 288 500 332 561; x_wconf 84' lang='lat' dir='ltr'><strong>sq.</strong></span> <span class='ocrx_word' id='word_1_6' title='bbox 366 482 475 545; x_wconf 79' lang='lat' dir='ltr'>similia</span> <span class='ocrx_word' id='word_1_7' title='bbox 509 484 601 563; x_wconf 88' lang='lat' dir='ltr'><strong>plura.</strong></span> <span class='ocrx_word' id='word_1_8' title='bbox 653 485 714 545; x_wconf 91' lang='lat' dir='ltr'><strong>lam</strong></span> <span class='ocrx_word' id='word_1_9' title='bbox 747 484 784 544; x_wconf 88' lang='lat' dir='ltr'><strong>de</strong></span> <span class='ocrx_word' id='word_1_10' title='bbox 814 482 981 546; x_wconf 88' lang='lat' dir='ltr'><strong>Halieutiais</strong></span> <span class='ocrx_word' id='word_1_11' title='bbox 1014 485 1049 546; x_wconf 87' lang='lat' dir='ltr'><strong>ad</strong></span> <span class='ocrx_word' id='word_1_12' title='bbox 1083 484 1217 548; x_wconf 78' lang='lat' dir='ltr'><strong>frivolam</strong></span> 
     </span>
     <span class='ocr_line' id='line_1_3' title="bbox 72 579 1222 661; baseline 0.006 -21"><span class='ocrx_word' id='word_1_13' title='bbox 72 579 184 641; x_wconf 89' lang='lat' dir='ltr'><strong>iterum</strong></span> <span class='ocrx_word' id='word_1_14' title='bbox 218 580 432 643; x_wconf 78' lang='lat' dir='ltr'>descendamus</span> <span class='ocrx_word' id='word_1_15' title='bbox 455 583 680 661; x_wconf 83' lang='lat' dir='ltr'>explicationem</span> <span class='ocrx_word' id='word_1_16' title='bbox 704 589 737 644; x_wconf 96' lang='lat' dir='ltr'><strong>ut</strong></span> <span class='ocrx_word' id='word_1_17' title='bbox 758 583 795 644; x_wconf 89' lang='lat' dir='ltr'><strong>de</strong></span> <span class='ocrx_word' id='word_1_18' title='bbox 830 583 1006 661; x_wconf 87' lang='lat' dir='ltr'><strong>complendo</strong></span> <span class='ocrx_word' id='word_1_19' title='bbox 1040 593 1136 647; x_wconf 93' lang='lat' dir='ltr'><strong>metro</strong></span> <span class='ocrx_word' id='word_1_20' title='bbox 1168 586 1222 647; x_wconf 86' lang='lat' dir='ltr'><strong>de-</strong></span> 
     </span>
     <span class='ocr_line' id='line_1_4' title="bbox 74 680 1222 761; baseline 0.006 -22"><span class='ocrx_word' id='word_1_21' title='bbox 74 696 213 758; x_wconf 81' lang='lat' dir='ltr'><strong>sperasse</strong></span> <span class='ocrx_word' id='word_1_22' title='bbox 241 688 358 760; x_wconf 90' lang='lat' dir='ltr'><strong>poetam</strong></span> <span class='ocrx_word' id='word_1_23' title='bbox 389 691 529 760; x_wconf 90' lang='lat' dir='ltr'><strong>putemus</strong></span> <span class='ocrx_word' id='word_1_24' title='bbox 566 680 617 761; x_wconf 88' lang='lat' dir='ltr'><strong>qui</strong></span> <span class='ocrx_word' id='word_1_25' title='bbox 654 680 829 760; x_wconf 88' lang='lat' dir='ltr'><strong>praesertim</strong></span> <span class='ocrx_word' id='word_1_26' title='bbox 868 681 930 760; x_wconf 92' lang='lat' dir='ltr'><strong>ipsa</strong></span> <span class='ocrx_word' id='word_1_27' title='bbox 974 681 1060 742; x_wconf 89' lang='lat' dir='ltr'><strong>verba</strong></span> <span class='ocrx_word' id='word_1_28' title='bbox 1105 683 1222 746; x_wconf 79' lang='lat' dir='ltr'>aliunde</span> 
     </span>
     <span class='ocr_line' id='line_1_5' title="bbox 72 778 1223 860; baseline 0.005 -21"><span class='ocrx_word' id='word_1_29' title='bbox 72 778 303 858; x_wconf 84' lang='lat' dir='ltr'><strong>transcripserit.</strong></span> <span class='ocrx_word' id='word_1_30' title='bbox 361 779 499 842; x_wconf 85' lang='lat' dir='ltr'><strong>Ceterum</strong></span> <span class='ocrx_word' id='word_1_31' title='bbox 537 778 694 841; x_wconf 84' lang='lat' dir='ltr'><strong>ohservare</strong></span> <span class='ocrx_word' id='word_1_32' title='bbox 730 779 787 841; x_wconf 93' lang='lat' dir='ltr'><strong>hoc</strong></span> <span class='ocrx_word' id='word_1_33' title='bbox 822 779 904 840; x_wconf 89' lang='lat' dir='ltr'><strong>licet:</strong></span> <span class='ocrx_word' id='word_1_34' title='bbox 948 798 1044 860; x_wconf 90' lang='lat' dir='ltr'><strong>neque</strong></span> <span class='ocrx_word' id='word_1_35' title='bbox 1082 782 1161 843; x_wconf 88' lang='lat' dir='ltr'><strong>enim</strong></span> <span class='ocrx_word' id='word_1_36' title='bbox 1197 784 1223 845; x_wconf 84' lang='lat' dir='ltr'><strong>si</strong></span> 
     </span>
     <span class='ocr_line' id='line_1_6' title="bbox 74 877 1222 960; baseline 0.006 -24"><span class='ocrx_word' id='word_1_37' title='bbox 74 877 242 939; x_wconf 82' lang='lat' dir='ltr'><strong>sentcntiae</strong></span> <span class='ocrx_word' id='word_1_38' title='bbox 265 877 399 940; x_wconf 86' lang='lat' dir='ltr'><strong>diversae</strong></span> <span class='ocrx_word' id='word_1_39' title='bbox 428 878 551 958; x_wconf 89' lang='lat' dir='ltr'><strong>repetita</strong></span> <span class='ocrx_word' id='word_1_40' title='bbox 567 896 625 941; x_wconf 92' lang='lat' dir='ltr'><strong>una</strong></span> <span class='ocrx_word' id='word_1_41' title='bbox 641 897 710 939; x_wconf 88' lang='lat' dir='ltr'><strong>voce</strong></span> <span class='ocrx_word' id='word_1_42' title='bbox 725 880 809 941; x_wconf 88' lang='lat' dir='ltr'><strong>modo</strong></span> <span class='ocrx_word' id='word_1_43' title='bbox 831 878 909 940; x_wconf 89' lang='lat' dir='ltr'><strong>inter</strong></span> <span class='ocrx_word' id='word_1_44' title='bbox 930 898 963 940; x_wconf 90' lang='lat' dir='ltr'><strong>se</strong></span> <span class='ocrx_word' id='word_1_45' title='bbox 985 880 1222 960; x_wconf 89' lang='lat' dir='ltr'><strong>opponebantur,</strong></span> 
     </span>
     <span class='ocr_line' id='line_1_7' title="bbox 75 975 1222 1057; baseline 0.006 -23"><span class='ocrx_word' id='word_1_46' title='bbox 75 992 136 1035; x_wconf 86' lang='lat' dir='ltr'><strong>usu</strong></span> <span class='ocrx_word' id='word_1_47' title='bbox 169 975 316 1050; x_wconf 75' lang='lat' dir='ltr'><strong>ueniebat,</strong></span> <span class='ocrx_word' id='word_1_48' title='bbox 350 984 385 1038; x_wconf 93' lang='lat' dir='ltr'><strong>ut</strong></span> <span class='ocrx_word' id='word_1_49' title='bbox 411 978 514 1056; x_wconf 88' lang='lat' dir='ltr'><strong>copula</strong></span> <span class='ocrx_word' id='word_1_50' title='bbox 548 977 665 1044; x_wconf 90' lang='lat' dir='ltr'><strong>interici</strong></span> <span class='ocrx_word' id='word_1_51' title='bbox 698 986 808 1057; x_wconf 89' lang='lat' dir='ltr'><strong>posset.</strong></span> <span class='ocrx_word' id='word_1_52' title='bbox 853 977 979 1039; x_wconf 80' lang='lat' dir='ltr'><strong>Necesse</strong></span> <span class='ocrx_word' id='word_1_53' title='bbox 1011 979 1099 1040; x_wconf 85' lang='lat' dir='ltr'><strong>simul</strong></span> <span class='ocrx_word' id='word_1_54' title='bbox 1121 989 1222 1041; x_wconf 72' lang='lat' dir='ltr'><strong>nmen</strong></span> 
     </span>
     <span class='ocr_line' id='line_1_8' title="bbox 76 1072 1224 1155; baseline 0.007 -23"><span class='ocrx_word' id='word_1_55' title='bbox 76 1072 152 1135; x_wconf 83' lang='lat' dir='ltr'><strong>luit.</strong></span> <span class='ocrx_word' id='word_1_56' title='bbox 180 1090 301 1153; x_wconf 78' lang='lat' dir='ltr'><strong>semper</strong></span> <span class='ocrx_word' id='word_1_57' title='bbox 340 1075 403 1136; x_wconf 85' lang='lat' dir='ltr'><strong>lere</strong></span> <span class='ocrx_word' id='word_1_58' title='bbox 439 1075 569 1155; x_wconf 90' lang='lat' dir='ltr'><strong>primum</strong></span> <span class='ocrx_word' id='word_1_59' title='bbox 610 1075 772 1138; x_wconf 88' lang='lat' dir='ltr'><strong>sententiae</strong></span> <span class='ocrx_word' id='word_1_60' title='bbox 812 1075 909 1136; x_wconf 88' lang='lat' dir='ltr'><strong>locum</strong></span> <span class='ocrx_word' id='word_1_61' title='bbox 946 1076 1008 1155; x_wconf 90' lang='lat' dir='ltr'><strong>ipsa</strong></span> <span class='ocrx_word' id='word_1_62' title='bbox 1044 1097 1100 1139; x_wconf 89' lang='lat' dir='ltr'><strong>vox</strong></span> <span class='ocrx_word' id='word_1_63' title='bbox 1141 1079 1224 1142; x_wconf 82' lang='lat' dir='ltr'><strong>macto</strong></span> 
     </span>
     <span class='ocr_line' id='line_1_9' title="bbox 75 1172 1224 1258; baseline 0.009 -28"><span class='ocrx_word' id='word_1_64' title='bbox 75 1178 225 1244; x_wconf 80' lang='lat' dir='ltr'><strong>tueretur.¹</strong></span> <span class='ocrx_word' id='word_1_65' title='bbox 265 1172 324 1233; x_wconf 83' lang='lat' dir='ltr'><strong>Sed</strong></span> <span class='ocrx_word' id='word_1_66' title='bbox 358 1173 448 1235; x_wconf 90' lang='lat' dir='ltr'><strong>nimis</strong></span> <span class='ocrx_word' id='word_1_67' title='bbox 480 1173 628 1252; x_wconf 82' lang='lat' dir='ltr'><strong>ingratum</strong></span> <span class='ocrx_word' id='word_1_68' title='bbox 664 1176 721 1236; x_wconf 94' lang='lat' dir='ltr'><strong>hoc</strong></span> <span class='ocrx_word' id='word_1_69' title='bbox 752 1172 810 1235; x_wconf 86' lang='lat' dir='ltr'><strong>fuit</strong></span> <span class='ocrx_word' id='word_1_70' title='bbox 841 1175 936 1253; x_wconf 90' lang='lat' dir='ltr'><strong>poetis</strong></span> <span class='ocrx_word' id='word_1_71' title='bbox 971 1177 1081 1238; x_wconf 91' lang='lat' dir='ltr'><strong>nostris</strong></span> <span class='ocrx_word' id='word_1_72' title='bbox 1114 1178 1224 1258; x_wconf 87' lang='lat' dir='ltr'><strong>quippe</strong></span> 
     </span>
     <span class='ocr_line' id='line_1_10' title="bbox 76 1269 1224 1351; baseline 0.006 -21"><span class='ocrx_word' id='word_1_73' title='bbox 76 1269 209 1348; x_wconf 74' lang='lat' dir='ltr'><strong>dactylos</strong></span> <span class='ocrx_word' id='word_1_74' title='bbox 231 1269 361 1349; x_wconf 77' lang='lat' dir='ltr'><strong>incipere</strong></span> <span class='ocrx_word' id='word_1_75' title='bbox 382 1271 566 1351; x_wconf 79' lang='lat' dir='ltr'>pyrrhichio!</span> <span class='ocrx_word' id='word_1_76' title='bbox 603 1275 669 1347; x_wconf 86' lang='lat' dir='ltr'><strong>Quo</strong></span> <span class='ocrx_word' id='word_1_77' title='bbox 692 1275 802 1335; x_wconf 90' lang='lat' dir='ltr'><strong>lactum</strong></span> <span class='ocrx_word' id='word_1_78' title='bbox 827 1279 929 1334; x_wconf 89' lang='lat' dir='ltr'><strong>estut</strong></span> <span class='ocrx_word' id='word_1_79' title='bbox 953 1275 985 1334; x_wconf 94' lang='lat' dir='ltr'><strong>in</strong></span> <span class='ocrx_word' id='word_1_80' title='bbox 1013 1276 1120 1338; x_wconf 86' lang='lat' dir='ltr'><strong>talibus</strong></span> <span class='ocrx_word' id='word_1_81' title='bbox 1151 1276 1224 1338; x_wconf 91' lang='lat' dir='ltr'><strong>locis</strong></span> 
     </span>
     <span class='ocr_line' id='line_1_11' title="bbox 75 1367 1225 1453; baseline 0.009 -26"><span class='ocrx_word' id='word_1_82' title='bbox 75 1384 153 1442; x_wconf 83' lang='lat' dir='ltr'><strong>nova</strong></span> <span class='ocrx_word' id='word_1_83' title='bbox 192 1367 268 1429; x_wconf 84' lang='lat' dir='ltr'><strong>inita</strong></span> <span class='ocrx_word' id='word_1_84' title='bbox 304 1368 349 1430; x_wconf 87' lang='lat' dir='ltr'><strong>via</strong></span> <span class='ocrx_word' id='word_1_85' title='bbox 382 1369 553 1431; x_wconf 86' lang='lat' dir='ltr'><strong>interdum·</strong></span> <span class='ocrx_word' id='word_1_86' title='bbox 576 1371 702 1450; x_wconf 91' lang='lat' dir='ltr'><strong>amplior</strong></span> <span class='ocrx_word' id='word_1_87' title='bbox 741 1371 818 1450; x_wconf 93' lang='lat' dir='ltr'><strong>apud</strong></span> <span class='ocrx_word' id='word_1_88' title='bbox 861 1371 1001 1450; x_wconf 84' lang='lat' dir='ltr'><strong>elegiacos</strong></span> <span class='ocrx_word' id='word_1_89' title='bbox 1040 1383 1225 1453; x_wconf 80' lang='lat' dir='ltr'><strong>spectaretur</strong></span> 
     </span>
     <span class='ocr_line' id='line_1_12' title="bbox 75 1465 1226 1553; baseline 0.007 -26"><span class='ocrx_word' id='word_1_90' title='bbox 75 1465 243 1545; x_wconf 80' lang='lat' dir='ltr'><strong>anaphora,</strong></span> <span class='ocrx_word' id='word_1_91' title='bbox 280 1465 373 1543; x_wconf 90' lang='lat' dir='ltr'><strong>qualis</strong></span> <span class='ocrx_word' id='word_1_92' title='bbox 414 1475 473 1528; x_wconf 86' lang='lat' dir='ltr'><strong>est:</strong></span> <span class='ocrx_word' id='word_1_93' title='bbox 515 1466 551 1529; x_wconf 84' lang='lat' dir='ltr'><strong>Te</strong></span> <span class='ocrx_word' id='word_1_94' title='bbox 590 1470 674 1531; x_wconf 83' lang='lat' dir='ltr'><strong>mado</strong></span> <span class='ocrx_word' id='word_1_95' title='bbox 706 1469 843 1530; x_wconf 69' lang='lat' dir='ltr'><strong>uideam</strong></span> <span class='ocrx_word' id='word_1_96' title='bbox 879 1473 994 1532; x_wconf 82' lang='lat' dir='ltr'><strong>iteratos</strong></span> <span class='ocrx_word' id='word_1_97' title='bbox 1030 1471 1138 1535; x_wconf 82' lang='lat' dir='ltr'><strong>Bactra</strong></span> <span class='ocrx_word' id='word_1_98' title='bbox 1171 1493 1226 1553; x_wconf 80' lang='lat' dir='ltr'><strong>per</strong></span> 
     </span>
     <span class='ocr_line' id='line_1_13' title="bbox 76 1561 1226 1650; baseline 0.01 -27"><span class='ocrx_word' id='word_1_99' title='bbox 76 1574 172 1638; x_wconf 78' lang='lat' dir='ltr'><strong>ornas,</strong></span> <span class='ocrx_word' id='word_1_100' title='bbox 215 1561 268 1649; x_wconf 20' lang='lat' dir='ltr'><strong>Ta,</strong></span> <span class='ocrx_word' id='word_1_101' title='bbox 291 1564 377 1635; x_wconf 79' lang='lat' dir='ltr'><strong>moda</strong></span> <span class='ocrx_word' id='word_1_102' title='bbox 411 1569 525 1633; x_wconf 70' lang='lat' dir='ltr'><strong>‚munito</strong></span> <span class='ocrx_word' id='word_1_103' title='bbox 563 1566 693 1628; x_wconf 68' lang='lat' dir='ltr'><strong>Noricam</strong></span> <span class='ocrx_word' id='word_1_104' title='bbox 721 1568 807 1629; x_wconf 75' lang='lat' dir='ltr'><strong>hostis</strong></span> <span class='ocrx_word' id='word_1_105' title='bbox 846 1587 916 1648; x_wconf 79' lang='lat' dir='ltr'><strong>equo</strong></span> <span class='ocrx_word' id='word_1_106' title='bbox 953 1569 1091 1650; x_wconf 80' lang='lat' dir='ltr'><strong>Properti</strong></span> <span class='ocrx_word' id='word_1_107' title='bbox 1123 1572 1160 1646; x_wconf 82' lang='lat' dir='ltr'><strong>V,</strong></span> <span class='ocrx_word' id='word_1_108' title='bbox 1195 1570 1226 1647; x_wconf 84' lang='lat'><strong>3,</strong></span> 
     </span>
     <span class='ocr_line' id='line_1_14' title="bbox 76 1661 1227 1747; baseline 0.01 -25"><span class='ocrx_word' id='word_1_109' title='bbox 76 1663 174 1743; x_wconf 83' lang='lat' dir='ltr'><strong>7sq.;</strong></span> <span class='ocrx_word' id='word_1_110' title='bbox 206 1662 267 1724; x_wconf 83' lang='lat' dir='ltr'><strong>rel:</strong></span> <span class='ocrx_word' id='word_1_111' title='bbox 306 1661 343 1723; x_wconf 76' lang='lat' dir='ltr'><strong>Et</strong></span> <span class='ocrx_word' id='word_1_112' title='bbox 380 1665 464 1727; x_wconf 83' lang='lat' dir='ltr'><strong>modo</strong></span> <span class='ocrx_word' id='word_1_113' title='bbox 501 1664 644 1729; x_wconf 76' lang='lat' dir='ltr'><strong>solvebam</strong></span> <span class='ocrx_word' id='word_1_114' title='bbox 680 1677 782 1728; x_wconf 72' lang='lat' dir='ltr'><strong>aaran</strong></span> <span class='ocrx_word' id='word_1_115' title='bbox 822 1669 855 1729; x_wconf 81' lang='lat' dir='ltr'><strong>cte</strong></span> <span class='ocrx_word' id='word_1_116' title='bbox 895 1670 992 1747; x_wconf 79' lang='lat' dir='ltr'><strong>froate</strong></span> <span class='ocrx_word' id='word_1_117' title='bbox 1025 1670 1147 1732; x_wconf 83' lang='lat' dir='ltr'><strong>corollas</strong></span> <span class='ocrx_word' id='word_1_118' title='bbox 1190 1672 1227 1733; x_wconf 84' lang='lat' dir='ltr'><strong>Et</strong></span> 
     </span>
     <span class='ocr_line' id='line_1_15' title="bbox 75 1761 1226 1844; baseline 0.007 -22"><span class='ocrx_word' id='word_1_119' title='bbox 75 1762 166 1824; x_wconf 83' lang='lat' dir='ltr'><strong>modo</strong></span> <span class='ocrx_word' id='word_1_120' title='bbox 189 1761 349 1841; x_wconf 73' lang='lat' dir='ltr'><strong>pendebam</strong></span> <span class='ocrx_word' id='word_1_121' title='bbox 379 1761 466 1842; x_wconf 89' lang='lat' dir='ltr'><strong>Prop.</strong></span> <span class='ocrx_word' id='word_1_122' title='bbox 489 1763 511 1835; x_wconf 84' lang='lat'><strong>1,</strong></span> <span class='ocrx_word' id='word_1_123' title='bbox 536 1764 566 1833; x_wconf 84' lang='lat'><strong>3,</strong></span> <span class='ocrx_word' id='word_1_124' title='bbox 588 1762 626 1823; x_wconf 83' lang='lat'><strong>21</strong></span> <span class='ocrx_word' id='word_1_125' title='bbox 645 1782 702 1842; x_wconf 59' lang='lat' dir='ltr'><strong>soa</strong></span> <span class='ocrx_word' id='word_1_126' title='bbox 719 1818 722 1826; x_wconf 93' lang='lat'>.</span> <span class='ocrx_word' id='word_1_127' title='bbox 737 1771 825 1844; x_wconf 88' lang='lat' dir='ltr'><strong>atque</strong></span> <span class='ocrx_word' id='word_1_128' title='bbox 856 1764 892 1828; x_wconf 82' lang='lat' dir='ltr'><strong>Et</strong></span> <span class='ocrx_word' id='word_1_129' title='bbox 912 1766 998 1828; x_wconf 82' lang='lat' dir='ltr'><strong>modo</strong></span> <span class='ocrx_word' id='word_1_130' title='bbox 1031 1776 1091 1829; x_wconf 87' lang='lat' dir='ltr'><strong>tom</strong></span> <span class='ocrx_word' id='word_1_131' title='bbox 1123 1770 1226 1830; x_wconf 84' lang='lat' dir='ltr'><strong>celeres</strong></span> 
     </span>
     <span class='ocr_line' id='line_1_16' title="bbox 79 1850 1227 1944; baseline 0.008 -22"><span class='ocrx_word' id='word_1_132' title='bbox 79 1863 344 1923; x_wconf 64' lang='lat' dir='ltr'><strong>manuacense</strong></span> <span class='ocrx_word' id='word_1_133' title='bbox 377 1860 477 1922; x_wconf 77' lang='lat' dir='ltr'><strong>tiraces</strong></span> <span class='ocrx_word' id='word_1_134' title='bbox 509 1864 545 1923; x_wconf 80' lang='lat' dir='ltr'><strong>Et</strong></span> <span class='ocrx_word' id='word_1_135' title='bbox 578 1863 662 1923; x_wconf 81' lang='lat' dir='ltr'><strong>aooao</strong></span> <span class='ocrx_word' id='word_1_136' title='bbox 695 1873 754 1924; x_wconf 84' lang='lat' dir='ltr'><strong>tom</strong></span> <span class='ocrx_word' id='word_1_137' title='bbox 787 1865 887 1925; x_wconf 82' lang='lat' dir='ltr'><strong>tardas</strong></span> <span class='ocrx_word' id='word_1_138' title='bbox 909 1850 1039 1944; x_wconf 59' lang='lat' dir='ltr'><strong>&#39;suariae</strong></span> <span class='ocrx_word' id='word_1_139' title='bbox 1074 1870 1115 1929; x_wconf 73' lang='lat' dir='ltr'><strong>ire</strong></span> <span class='ocrx_word' id='word_1_140' title='bbox 1151 1877 1227 1931; x_wconf 85' lang='lat' dir='ltr'><strong>rates</strong></span> 
     </span>
     <span class='ocr_line' id='line_1_17' title="bbox 77 1958 1227 2046; baseline 0.004 -25"><span class='ocrx_word' id='word_1_141' title='bbox 77 1959 170 2040; x_wconf 85' lang='lat' dir='ltr'><strong>Prop.</strong></span> <span class='ocrx_word' id='word_1_142' title='bbox 204 1958 227 2031; x_wconf 93' lang='grc' dir='ltr'><strong>Ι,</strong></span> <span class='ocrx_word' id='word_1_143' title='bbox 260 1959 439 2039; x_wconf 82' lang='lat' dir='ltr'><strong>ll‚·3sq.;</strong></span> <span class='ocrx_word' id='word_1_144' title='bbox 472 1977 568 2039; x_wconf 89' lang='lat' dir='ltr'><strong>neque</strong></span> <span class='ocrx_word' id='word_1_145' title='bbox 592 1961 685 2029; x_wconf 85' lang='lat' dir='ltr'><strong>¹aliter</strong></span> <span class='ocrx_word' id='word_1_146' title='bbox 713 1961 835 2023; x_wconf 86' lang='lat' dir='ltr'><strong>Ovidius</strong></span> <span class='ocrx_word' id='word_1_147' title='bbox 868 1964 929 2024; x_wconf 82' lang='lat' dir='ltr'><strong>Art.</strong></span> <span class='ocrx_word' id='word_1_148' title='bbox 963 1965 986 2036; x_wconf 93' lang='lat' dir='ltr'><strong>l,</strong></span> <span class='ocrx_word' id='word_1_149' title='bbox 1015 1963 1151 2046; x_wconf 68' lang='lat' dir='ltr'><strong>lassa:</strong></span> <span class='ocrx_word' id='word_1_150' title='bbox 1191 1967 1227 2027; x_wconf 82' lang='lat' dir='ltr'><strong>Et</strong></span> 
     </span>
     <span class='ocr_line' id='line_1_18' title="bbox 77 2057 1227 2141; baseline 0.005 -22"><span class='ocrx_word' id='word_1_151' title='bbox 77 2057 164 2119; x_wconf 78' lang='lat' dir='ltr'><strong>moola</strong></span> <span class='ocrx_word' id='word_1_152' title='bbox 182 2057 337 2137; x_wconf 79' lang='lat' dir='ltr'><strong>praecedas</strong></span> <span class='ocrx_word' id='word_1_153' title='bbox 358 2059 460 2137; x_wconf 81' lang='lat' dir='ltr'><strong>facito,</strong></span> <span class='ocrx_word' id='word_1_154' title='bbox 492 2059 576 2120; x_wconf 82' lang='lat' dir='ltr'><strong>modo</strong></span> <span class='ocrx_word' id='word_1_155' title='bbox 605 2069 684 2140; x_wconf 80' lang='lat' dir='ltr'><strong>torpa</strong></span> <span class='ocrx_word' id='word_1_156' title='bbox 705 2064 843 2138; x_wconf 73' lang='lat' dir='ltr'><strong>sequane,</strong></span> <span class='ocrx_word' id='word_1_157' title='bbox 878 2061 915 2122; x_wconf 81' lang='lat' dir='ltr'><strong>Et</strong></span> <span class='ocrx_word' id='word_1_158' title='bbox 939 2062 1023 2123; x_wconf 85' lang='lat' dir='ltr'><strong>modo</strong></span> <span class='ocrx_word' id='word_1_159' title='bbox 1054 2062 1169 2141; x_wconf 72' lang='lat' dir='ltr'><strong>festines</strong></span> <span class='ocrx_word' id='word_1_160' title='bbox 1201 2073 1227 2125; x_wconf 88' lang='lat' dir='ltr'><strong>et</strong></span> 
     </span>
     <span class='ocr_line' id='line_1_19' title="bbox 77 2155 1230 2238; baseline 0.004 -21"><span class='ocrx_word' id='word_1_161' title='bbox 77 2157 163 2218; x_wconf 82' lang='lat' dir='ltr'><strong>modo</strong></span> <span class='ocrx_word' id='word_1_162' title='bbox 185 2158 277 2225; x_wconf 82' lang='lat' dir='ltr'><strong>leatus</strong></span> <span class='ocrx_word' id='word_1_163' title='bbox 298 2174 361 2231; x_wconf 83' lang='lat' dir='ltr'><strong>eas;</strong></span> <span class='ocrx_word' id='word_1_164' title='bbox 392 2164 423 2217; x_wconf 90' lang='lat' dir='ltr'><strong>et</strong></span> <span class='ocrx_word' id='word_1_165' title='bbox 447 2156 526 2218; x_wconf 87' lang='lat' dir='ltr'><strong>idem</strong></span> <span class='ocrx_word' id='word_1_166' title='bbox 549 2155 617 2218; x_wconf 81' lang='lat' dir='ltr'><strong>lter.</strong></span> <span class='ocrx_word' id='word_1_167' title='bbox 646 2156 720 2230; x_wconf 80' lang='lat' dir='ltr'>XIV,</span> <span class='ocrx_word' id='word_1_168' title='bbox 743 2156 905 2238; x_wconf 84' lang='lat' dir='ltr'><strong>703sqq.:</strong></span> <span class='ocrx_word' id='word_1_169' title='bbox 937 2158 974 2220; x_wconf 82' lang='lat' dir='ltr'><strong>Et</strong></span> <span class='ocrx_word' id='word_1_170' title='bbox 1006 2161 1089 2221; x_wconf 82' lang='lat' dir='ltr'><strong>modo</strong></span> <span class='ocrx_word' id='word_1_171' title='bbox 1121 2165 1230 2222; x_wconf 78' lang='lat' dir='ltr'><strong>oratrici</strong></span> 
     </span>
     <span class='ocr_line' id='line_1_20' title="bbox 76 2256 1228 2338; baseline 0 -19"><span class='ocrx_word' id='word_1_172' title='bbox 76 2261 214 2318; x_wconf 68' lang='lat' dir='ltr'><strong>mmm</strong></span> <span class='ocrx_word' id='word_1_173' title='bbox 246 2259 390 2338; x_wconf 57' lang='lat' dir='ltr'><strong>cooperor</strong></span> <span class='ocrx_word' id='word_1_174' title='bbox 423 2274 549 2318; x_wconf 71' lang='lat' dir='ltr'><strong>ammeio</strong></span> <span class='ocrx_word' id='word_1_175' title='bbox 572 2301 579 2316; x_wconf 92' lang='lat'>.</span> <span class='ocrx_word' id='word_1_176' title='bbox 604 2300 610 2316; x_wconf 93' lang='lat'><strong>.</strong></span> <span class='ocrx_word' id='word_1_177' title='bbox 634 2298 672 2316; x_wconf 90' lang='lat'><strong>..</strong></span> <span class='ocrx_word' id='word_1_178' title='bbox 702 2256 738 2316; x_wconf 74' lang='grc' dir='ltr'><strong>ΙΙΙ</strong></span> <span class='ocrx_word' id='word_1_179' title='bbox 770 2257 854 2317; x_wconf 84' lang='lat' dir='ltr'><strong>modo</strong></span> <span class='ocrx_word' id='word_1_180' title='bbox 887 2257 920 2317; x_wconf 85' lang='lat' dir='ltr'><strong>de</strong></span> <span class='ocrx_word' id='word_1_181' title='bbox 952 2256 1051 2319; x_wconf 73' lang='lat' dir='ltr'><strong>multis</strong></span> <span class='ocrx_word' id='word_1_182' title='bbox 1083 2256 1228 2319; x_wconf 78' lang='lat' dir='ltr'><strong>blanditus</strong></span> 
     </span>
     <span class='ocr_line' id='line_1_21' title="bbox 78 2353 1228 2435; baseline 0 -19"><span class='ocrx_word' id='word_1_183' title='bbox 78 2359 180 2435; x_wconf 76' lang='lat' dir='ltr'><strong>cuique</strong></span> <span class='ocrx_word' id='word_1_184' title='bbox 199 2358 360 2418; x_wconf 72' lang='lat' dir='ltr'><strong>mlautm&#39;s.</strong></span> <span class='ocrx_word' id='word_1_185' title='bbox 415 2354 530 2416; x_wconf 83' lang='lat' dir='ltr'><strong>Tamen</strong></span> <span class='ocrx_word' id='word_1_186' title='bbox 562 2354 593 2415; x_wconf 93' lang='lat' dir='ltr'><strong>in</strong></span> <span class='ocrx_word' id='word_1_187' title='bbox 626 2354 680 2415; x_wconf 80' lang='lat' dir='ltr'><strong>his·</strong></span> <span class='ocrx_word' id='word_1_188' title='bbox 708 2353 799 2432; x_wconf 85' lang='lat' dir='ltr'><strong>magis</strong></span> <span class='ocrx_word' id='word_1_189' title='bbox 831 2353 888 2415; x_wconf 90' lang='lat' dir='ltr'><strong>iam</strong></span> <span class='ocrx_word' id='word_1_190' title='bbox 924 2353 966 2415; x_wconf 88' lang='lat' dir='ltr'><strong>vis</strong></span> <span class='ocrx_word' id='word_1_191' title='bbox 1003 2355 1165 2435; x_wconf 88' lang='lat' dir='ltr'><strong>particulae</strong></span> <span class='ocrx_word' id='word_1_192' title='bbox 1201 2365 1228 2416; x_wconf 88' lang='lat' dir='ltr'><strong>et</strong></span> 
     </span>
     <span class='ocr_line' id='line_1_22' title="bbox 77 2450 1227 2534; baseline -0.003 -18"><span class='ocrx_word' id='word_1_193' title='bbox 77 2461 201 2534; x_wconf 86' lang='lat' dir='ltr'><strong>apparet</strong></span> <span class='ocrx_word' id='word_1_194' title='bbox 222 2452 396 2534; x_wconf 82' lang='lat' dir='ltr'><strong>copulativa.</strong></span> <span class='ocrx_word' id='word_1_195' title='bbox 433 2452 604 2514; x_wconf 44' lang='lat' dir='ltr'><strong>*Provectus</strong></span> <span class='ocrx_word' id='word_1_196' title='bbox 626 2468 700 2514; x_wconf 90' lang='lat' dir='ltr'><strong>osus</strong></span> <span class='ocrx_word' id='word_1_197' title='bbox 722 2452 758 2512; x_wconf 89' lang='lat' dir='ltr'><strong>ad</strong></span> <span class='ocrx_word' id='word_1_198' title='bbox 782 2453 849 2513; x_wconf 89' lang='lat' dir='ltr'><strong>talia</strong></span> <span class='ocrx_word' id='word_1_199' title='bbox 866 2459 926 2513; x_wconf 89' lang='lat' dir='ltr'><strong>est:</strong></span> <span class='ocrx_word' id='word_1_200' title='bbox 952 2450 1034 2523; x_wconf 85' lang='lat' dir='ltr'><strong>Quae</strong></span> <span class='ocrx_word' id='word_1_201' title='bbox 1048 2453 1130 2514; x_wconf 81' lang='lat' dir='ltr'><strong>modo</strong></span> <span class='ocrx_word' id='word_1_202' title='bbox 1146 2499 1153 2513; x_wconf 85' lang='lat'><em>.</em></span> <span class='ocrx_word' id='word_1_203' title='bbox 1171 2496 1178 2512; x_wconf 92' lang='lat'><strong>.</strong></span> <span class='ocrx_word' id='word_1_204' title='bbox 1196 2496 1227 2512; x_wconf 89' lang='lat'><strong>..</strong></span> 
     </span>
     <span class='ocr_line' id='line_1_23' title="bbox 74 2549 1229 2632; baseline -0.002 -18"><span class='ocrx_word' id='word_1_205' title='bbox 74 2557 222 2632; x_wconf 75' lang='lat' dir='ltr'><strong>proposito</strong></span> <span class='ocrx_word' id='word_1_206' title='bbox 243 2552 345 2630; x_wconf 79' lang='lat' dir='ltr'><strong>florem</strong></span> <span class='ocrx_word' id='word_1_207' title='bbox 363 2551 504 2632; x_wconf 76' lang='lat' dir='ltr'><strong>praetulit</strong></span> <span class='ocrx_word' id='word_1_208' title='bbox 526 2551 634 2631; x_wconf 69' lang='lat' dir='ltr'><strong>officio,</strong></span> <span class='ocrx_word' id='word_1_209' title='bbox 670 2551 706 2612; x_wconf 81' lang='lat' dir='ltr'><strong>Et</strong></span> <span class='ocrx_word' id='word_1_210' title='bbox 727 2550 809 2612; x_wconf 86' lang='lat' dir='ltr'><strong>macto</strong></span> <span class='ocrx_word' id='word_1_211' title='bbox 833 2595 840 2610; x_wconf 92' lang='lat'><strong>.</strong></span> <span class='ocrx_word' id='word_1_212' title='bbox 863 2595 870 2609; x_wconf 85' lang='lat'><em>.</em></span> <span class='ocrx_word' id='word_1_213' title='bbox 895 2595 901 2611; x_wconf 92' lang='lat'><strong>.</strong></span> <span class='ocrx_word' id='word_1_214' title='bbox 925 2595 932 2609; x_wconf 85' lang='lat'><em>.</em></span> <span class='ocrx_word' id='word_1_215' title='bbox 956 2549 1092 2612; x_wconf 79' lang='lat' dir='ltr'><strong>Errorem</strong></span> <span class='ocrx_word' id='word_1_216' title='bbox 1115 2550 1229 2612; x_wconf 79' lang='lat' dir='ltr'><strong>blaedla</strong></span> 
     </span>
     <span class='ocr_line' id='line_1_24' title="bbox 78 2645 1227 2731; baseline 0 -21"><span class='ocrx_word' id='word_1_217' title='bbox 78 2650 178 2712; x_wconf 84' lang='lat' dir='ltr'><strong>tardat</strong></span> <span class='ocrx_word' id='word_1_218' title='bbox 208 2651 380 2731; x_wconf 70' lang='lat' dir='ltr'><strong>amupthihas</strong></span> <span class='ocrx_word' id='word_1_219' title='bbox 409 2649 498 2729; x_wconf 78' lang='lat' dir='ltr'><strong>Prop.</strong></span> <span class='ocrx_word' id='word_1_220' title='bbox 527 2649 549 2722; x_wconf 84' lang='grc' dir='ltr'><strong>Ι,</strong></span> <span class='ocrx_word' id='word_1_221' title='bbox 579 2648 630 2718; x_wconf 84' lang='grc'><strong>20,</strong></span> <span class='ocrx_word' id='word_1_222' title='bbox 659 2645 699 2708; x_wconf 84' lang='grc'><strong>39</strong></span> <span class='ocrx_word' id='word_1_223' title='bbox 720 2665 781 2726; x_wconf 83' lang='lat' dir='ltr'><strong>sq.;</strong></span> <span class='ocrx_word' id='word_1_224' title='bbox 824 2648 971 2727; x_wconf 85' lang='lat' dir='ltr'><strong>itemque:</strong></span> <span class='ocrx_word' id='word_1_225' title='bbox 1015 2653 1114 2728; x_wconf 77' lang='lat' dir='ltr'><strong>capitis</strong></span> <span class='ocrx_word' id='word_1_226' title='bbox 1146 2650 1227 2710; x_wconf 85' lang='lat' dir='ltr'><strong>modo</strong></span> 
     </span>
     <span class='ocr_line' id='line_1_25' title="bbox 78 2745 1227 2828; baseline -0.003 -17"><span class='ocrx_word' id='word_1_227' title='bbox 78 2749 154 2828; x_wconf 64' lang='lat' dir='ltr'><strong>fialae</strong></span> <span class='ocrx_word' id='word_1_228' title='bbox 178 2748 306 2811; x_wconf 72' lang='lat' dir='ltr'><strong>dohrem</strong></span> <span class='ocrx_word' id='word_1_229' title='bbox 330 2748 368 2809; x_wconf 82' lang='lat' dir='ltr'><strong>Et</strong></span> <span class='ocrx_word' id='word_1_230' title='bbox 388 2748 472 2809; x_wconf 81' lang='lat' dir='ltr'><strong>niodo</strong></span> <span class='ocrx_word' id='word_1_231' title='bbox 494 2765 566 2828; x_wconf 81' lang='lat' dir='ltr'><strong>qaae</strong></span> <span class='ocrx_word' id='word_1_232' title='bbox 588 2765 690 2807; x_wconf 76' lang='lat' dir='ltr'><strong>caereus</strong></span> <span class='ocrx_word' id='word_1_233' title='bbox 708 2746 844 2824; x_wconf 82' lang='lat' dir='ltr'><strong>praebeat</strong></span> <span class='ocrx_word' id='word_1_234' title='bbox 871 2745 924 2806; x_wconf 82' lang='lat' dir='ltr'><strong>Isis</strong></span> <span class='ocrx_word' id='word_1_235' title='bbox 946 2750 1000 2807; x_wconf 79' lang='lat' dir='ltr'><strong>erit</strong></span> <span class='ocrx_word' id='word_1_236' title='bbox 1022 2746 1106 2807; x_wconf 82' lang='lat' dir='ltr'><strong>ovid.</strong></span> <span class='ocrx_word' id='word_1_237' title='bbox 1127 2748 1191 2808; x_wconf 82' lang='lat' dir='ltr'><strong>Am.</strong></span> <span class='ocrx_word' id='word_1_238' title='bbox 1204 2747 1227 2822; x_wconf 92' lang='grc' dir='ltr'><strong>Ι,</strong></span> 
     </span>
     <span class='ocr_line' id='line_1_26' title="bbox 79 2843 1228 2927; baseline -0.001 -20"><span class='ocrx_word' id='word_1_239' title='bbox 79 2845 110 2918; x_wconf 89' lang='grc'><strong>8,</strong></span> <span class='ocrx_word' id='word_1_240' title='bbox 134 2844 175 2909; x_wconf 80' lang='grc'><strong>73</strong></span> <span class='ocrx_word' id='word_1_241' title='bbox 191 2859 259 2926; x_wconf 88' lang='lat' dir='ltr'><strong>sq.,·</strong></span> <span class='ocrx_word' id='word_1_242' title='bbox 274 2855 380 2927; x_wconf 79' lang='lat' dir='ltr'><strong>etque:</strong></span> <span class='ocrx_word' id='word_1_243' title='bbox 414 2847 497 2911; x_wconf 82' lang='lat' dir='ltr'><strong>modo</strong></span> <span class='ocrx_word' id='word_1_244' title='bbox 523 2862 646 2924; x_wconf 74' lang='lat' dir='ltr'><strong>meaque</strong></span> <span class='ocrx_word' id='word_1_245' title='bbox 673 2843 819 2905; x_wconf 80' lang='lat' dir='ltr'><strong>Patulcius</strong></span> <span class='ocrx_word' id='word_1_246' title='bbox 840 2844 913 2905; x_wconf 84' lang='lat' dir='ltr'><strong>idem</strong></span> <span class='ocrx_word' id='word_1_247' title='bbox 935 2843 971 2905; x_wconf 82' lang='lat' dir='ltr'><strong>la</strong></span> <span class='ocrx_word' id='word_1_248' title='bbox 991 2845 1073 2906; x_wconf 78' lang='lat' dir='ltr'><strong>laada</strong></span> <span class='ocrx_word' id='word_1_249' title='bbox 1098 2845 1228 2926; x_wconf 74' lang='lat' dir='ltr'><strong>sacrifico</strong></span> 
     </span>
     <span class='ocr_line' id='line_1_27' title="bbox 79 2930 1228 3023; baseline -0.003 -16"><span class='ocrx_word' id='word_1_250' title='bbox 79 2943 209 3013; x_wconf 66' lang='lat' dir='ltr'><strong>Cleuas</strong></span> <span class='ocrx_word' id='word_1_251' title='bbox 227 2961 277 3006; x_wconf 82' lang='lat' dir='ltr'><strong>ore</strong></span> <span class='ocrx_word' id='word_1_252' title='bbox 304 2930 391 3007; x_wconf 82' lang='lat' dir='ltr'><strong>aoaor</strong></span> <span class='ocrx_word' id='word_1_253' title='bbox 418 2944 497 3007; x_wconf 84' lang='lat' dir='ltr'><strong>Fast.</strong></span> <span class='ocrx_word' id='word_1_254' title='bbox 521 2944 542 3013; x_wconf 94' lang='grc' dir='ltr'><strong>Ι,</strong></span> <span class='ocrx_word' id='word_1_255' title='bbox 568 2941 628 3007; x_wconf 77' lang='lat'><strong>129</strong></span> <span class='ocrx_word' id='word_1_256' title='bbox 641 2960 684 3021; x_wconf 90' lang='lat' dir='ltr'><strong>sq.</strong></span> <span class='ocrx_word' id='word_1_257' title='bbox 729 2941 827 3002; x_wconf 89' lang='lat' dir='ltr'><strong>lllinus</strong></span> <span class='ocrx_word' id='word_1_258' title='bbox 856 2942 915 3003; x_wconf 91' lang='lat' dir='ltr'><strong>huc</strong></span> <span class='ocrx_word' id='word_1_259' title='bbox 931 2944 1073 3021; x_wconf 85' lang='lat' dir='ltr'><strong>&#39;pertinet</strong></span> <span class='ocrx_word' id='word_1_260' title='bbox 1093 2942 1182 3023; x_wconf 90' lang='lat' dir='ltr'><strong>Prop.</strong></span> <span class='ocrx_word' id='word_1_261' title='bbox 1205 2944 1228 3016; x_wconf 91' lang='grc' dir='ltr'><strong>Ι,</strong></span> 
     </span>
     <span class='ocr_line' id='line_1_28' title="bbox 80 3028 1228 3121; baseline -0.002 -17"><span class='ocrx_word' id='word_1_262' title='bbox 80 3042 111 3114; x_wconf 86' lang='grc'><strong>3,</strong></span> <span class='ocrx_word' id='word_1_263' title='bbox 131 3041 174 3103; x_wconf 80' lang='grc'><strong>41</strong></span> <span class='ocrx_word' id='word_1_264' title='bbox 193 3059 272 3121; x_wconf 82' lang='lat' dir='ltr'><strong>sqq.·</strong></span> <span class='ocrx_word' id='word_1_265' title='bbox 302 3041 435 3121; x_wconf 82' lang='lat' dir='ltr'><strong>Denique</strong></span> <span class='ocrx_word' id='word_1_266' title='bbox 457 3041 488 3102; x_wconf 90' lang='lat' dir='ltr'><strong>in</strong></span> <span class='ocrx_word' id='word_1_267' title='bbox 511 3028 644 3118; x_wconf 84' lang='lat' dir='ltr'><strong>elegiaca&#39;</strong></span> <span class='ocrx_word' id='word_1_268' title='bbox 659 3047 722 3100; x_wconf 87' lang='lat' dir='ltr'><strong>arte</strong></span> <span class='ocrx_word' id='word_1_269' title='bbox 744 3039 857 3100; x_wconf 89' lang='lat' dir='ltr'><strong>diversa</strong></span> <span class='ocrx_word' id='word_1_270' title='bbox 880 3038 973 3100; x_wconf 89' lang='lat' dir='ltr'><strong>luisse</strong></span> <span class='ocrx_word' id='word_1_271' title='bbox 993 3058 1070 3100; x_wconf 84' lang='lat' dir='ltr'><strong>auae</strong></span> <span class='ocrx_word' id='word_1_272' title='bbox 1094 3046 1123 3101; x_wconf 88' lang='lat' dir='ltr'><strong>et</strong></span> <span class='ocrx_word' id='word_1_273' title='bbox 1145 3042 1228 3102; x_wconf 83' lang='lat' dir='ltr'><strong>modo</strong></span> 
     </span>
     <span class='ocr_line' id='line_1_29' title="bbox 79 3136 1229 3220; baseline -0.005 -13"><span class='ocrx_word' id='word_1_274' title='bbox 79 3158 142 3207; x_wconf 86' lang='lat' dir='ltr'><strong>uon</strong></span> <span class='ocrx_word' id='word_1_275' title='bbox 157 3140 271 3203; x_wconf 86' lang='lat' dir='ltr'><strong>sentire</strong></span> <span class='ocrx_word' id='word_1_276' title='bbox 285 3158 349 3203; x_wconf 90' lang='lat' dir='ltr'><strong>noo</strong></span> <span class='ocrx_word' id='word_1_277' title='bbox 364 3139 476 3220; x_wconf 88' lang='lat' dir='ltr'><strong>poteris</strong></span> <span class='ocrx_word' id='word_1_278' title='bbox 492 3157 580 3218; x_wconf 88' lang='lat' dir='ltr'><strong>quam</strong></span> <span class='ocrx_word' id='word_1_279' title='bbox 592 3137 782 3216; x_wconf 84' lang='lat' dir='ltr'><strong>singulariter</strong></span> <span class='ocrx_word' id='word_1_280' title='bbox 802 3136 1001 3198; x_wconf 80' lang='lat' dir='ltr'><strong>diversitatem</strong></span> <span class='ocrx_word' id='word_1_281' title='bbox 1014 3138 1229 3217; x_wconf 87' lang='lat' dir='ltr'><strong>Propertiano-</strong></span> 
     </span>
     <span class='ocr_line' id='line_1_30' title="bbox 79 3218 1229 3314; baseline -0.001 -15"><span class='ocrx_word' id='word_1_282' title='bbox 79 3257 149 3301; x_wconf 93' lang='lat' dir='ltr'><strong>rum</strong></span> <span class='ocrx_word' id='word_1_283' title='bbox 170 3218 307 3307; x_wconf 82' lang='lat' dir='ltr'><strong>locorum</strong></span> <span class='ocrx_word' id='word_1_284' title='bbox 328 3237 455 3299; x_wconf 90' lang='lat' dir='ltr'><strong>illustrat</strong></span> <span class='ocrx_word' id='word_1_285' title='bbox 478 3252 555 3297; x_wconf 88' lang='lat' dir='ltr'><strong>unus</strong></span> <span class='ocrx_word' id='word_1_286' title='bbox 577 3234 612 3314; x_wconf 88' lang='lat' dir='ltr'><strong>(l,</strong></span> <span class='ocrx_word' id='word_1_287' title='bbox 636 3234 665 3309; x_wconf 90' lang='lat'><strong>3,</strong></span> <span class='ocrx_word' id='word_1_288' title='bbox 682 3234 735 3309; x_wconf 79' lang='lat'><strong>21)</strong></span> <span class='ocrx_word' id='word_1_289' title='bbox 758 3233 809 3295; x_wconf 90' lang='lat' dir='ltr'><strong>ubi</strong></span> <span class='ocrx_word' id='word_1_290' title='bbox 832 3235 1069 3312; x_wconf 82' lang='lat' dir='ltr'><strong>coniunguntur:</strong></span> <span class='ocrx_word' id='word_1_291' title='bbox 1092 3235 1128 3297; x_wconf 83' lang='lat' dir='ltr'>n</span> <span class='ocrx_word' id='word_1_292' title='bbox 1147 3237 1229 3298; x_wconf 83' lang='lat' dir='ltr'><strong>modo</strong></span> 
     </span>
     <span class='ocr_line' id='line_1_31' title="bbox 22 3332 1228 3415; baseline -0.002 -16"><span class='ocrx_word' id='word_1_293' title='bbox 22 3362 26 3368; x_wconf 94' lang='lat'><strong>·</strong></span> <span class='ocrx_word' id='word_1_294' title='bbox 78 3337 238 3407; x_wconf 78' lang='lat' dir='ltr'><strong>solvebam,</strong></span> <span class='ocrx_word' id='word_1_295' title='bbox 261 3338 299 3399; x_wconf 78' lang='lat' dir='ltr'><strong>Bt</strong></span> <span class='ocrx_word' id='word_1_296' title='bbox 318 3337 401 3399; x_wconf 84' lang='lat' dir='ltr'><strong>modo</strong></span> <span class='ocrx_word' id='word_1_297' title='bbox 422 3335 591 3415; x_wconf 72' lang='lat' dir='ltr'><strong>paulatum,</strong></span> <span class='ocrx_word' id='word_1_298' title='bbox 615 3333 721 3396; x_wconf 87' lang='lat' dir='ltr'><strong>deinde</strong></span> <span class='ocrx_word' id='word_1_299' title='bbox 743 3351 812 3394; x_wconf 87' lang='lat' dir='ltr'><strong>vero</strong></span> <span class='ocrx_word' id='word_1_300' title='bbox 836 3333 901 3393; x_wconf 87' lang='lat' dir='ltr'><strong>sino</strong></span> <span class='ocrx_word' id='word_1_301' title='bbox 923 3332 1042 3413; x_wconf 90' lang='lat' dir='ltr'><strong>copula:</strong></span> <span class='ocrx_word' id='word_1_302' title='bbox 1066 3332 1149 3394; x_wconf 82' lang='lat' dir='ltr'><strong>Noae</strong></span> <span class='ocrx_word' id='word_1_303' title='bbox 1171 3379 1177 3396; x_wconf 90' lang='lat'><strong>.</strong></span> <span class='ocrx_word' id='word_1_304' title='bbox 1197 3380 1228 3396; x_wconf 89' lang='lat'><strong>..</strong></span> 
     </span>
    </p>

    <p class='ocr_par' dir='ltr' id='par_1_3' title="bbox 79 3436 995 3503">
     <span class='ocr_line' id='line_1_32' title="bbox 79 3436 995 3503; baseline 0.001 -2"><span class='ocrx_word' id='word_1_305' title='bbox 79 3436 193 3503; x_wconf 74' lang='lat' dir='ltr'><strong>daborc</strong></span> <span class='ocrx_word' id='word_1_306' title='bbox 278 3468 282 3475; x_wconf 42' lang='lat' dir='ltr'>v</span> <span class='ocrx_word' id='word_1_307' title='bbox 345 3448 366 3501; x_wconf 73' lang='lat'><strong>,2</strong></span> <span class='ocrx_word' id='word_1_308' title='bbox 724 3442 729 3451; x_wconf 91' lang='grc'><em>’</em></span> <span class='ocrx_word' id='word_1_309' title='bbox 794 3440 798 3447; x_wconf 90' lang='grc'><strong>“</strong></span> <span class='ocrx_word' id='word_1_310' title='bbox 993 3454 995 3458; x_wconf 53' lang='lat'><em>⁴</em></span> 
     </span>
    </p>

    <p class='ocr_par' dir='ltr' id='par_1_4' title="bbox 78 3529 1229 3808">
     <span class='ocr_line' id='line_1_33' title="bbox 132 3529 1228 3610; baseline -0.001 -15"><span class='ocrx_word' id='word_1_311' title='bbox 132 3594 137 3602; x_wconf 82' lang='grc'>,</span> <span class='ocrx_word' id='word_1_312' title='bbox 165 3533 316 3606; x_wconf 77' lang='lat' dir='ltr'><strong>Quoniam</strong></span> <span class='ocrx_word' id='word_1_313' title='bbox 345 3548 415 3593; x_wconf 85' lang='lat' dir='ltr'><strong>voro</strong></span> <span class='ocrx_word' id='word_1_314' title='bbox 439 3530 469 3595; x_wconf 93' lang='lat' dir='ltr'><strong>in</strong></span> <span class='ocrx_word' id='word_1_315' title='bbox 493 3538 608 3610; x_wconf 90' lang='lat' dir='ltr'><strong>partem</strong></span> <span class='ocrx_word' id='word_1_316' title='bbox 631 3529 708 3591; x_wconf 92' lang='lat' dir='ltr'><strong>hanc</strong></span> <span class='ocrx_word' id='word_1_317' title='bbox 734 3529 893 3608; x_wconf 83' lang='lat' dir='ltr'><strong>fragmenti</strong></span> <span class='ocrx_word' id='word_1_318' title='bbox 915 3529 1029 3590; x_wconf 84' lang='lat' dir='ltr'><strong>delatos</strong></span> <span class='ocrx_word' id='word_1_319' title='bbox 1052 3549 1152 3592; x_wconf 88' lang='lat' dir='ltr'><strong>sermo</strong></span> <span class='ocrx_word' id='word_1_320' title='bbox 1175 3540 1228 3606; x_wconf 89' lang='lat' dir='ltr'><strong>cst,</strong></span> 
     </span>
     <span class='ocr_line' id='line_1_34' title="bbox 78 3627 1229 3708; baseline -0.003 -13"><span class='ocrx_word' id='word_1_321' title='bbox 78 3633 182 3695; x_wconf 87' lang='lat' dir='ltr'><strong>stathn</strong></span> <span class='ocrx_word' id='word_1_322' title='bbox 204 3630 371 3695; x_wconf 66' lang='lat' dir='ltr'><strong>noandum</strong></span> <span class='ocrx_word' id='word_1_323' title='bbox 394 3628 451 3691; x_wconf 90' lang='lat' dir='ltr'><strong>hoc</strong></span> <span class='ocrx_word' id='word_1_324' title='bbox 472 3629 590 3691; x_wconf 86' lang='lat' dir='ltr'><strong>videtur.</strong></span> <span class='ocrx_word' id='word_1_325' title='bbox 611 3640 670 3708; x_wconf 88' lang='lat' dir='ltr'><strong>quo</strong></span> <span class='ocrx_word' id='word_1_326' title='bbox 692 3629 801 3689; x_wconf 83' lang='lat' dir='ltr'><strong>iterum</strong></span> <span class='ocrx_word' id='word_1_327' title='bbox 824 3627 907 3689; x_wconf 90' lang='lat' dir='ltr'><strong>miris</strong></span> <span class='ocrx_word' id='word_1_328' title='bbox 930 3628 1072 3702; x_wconf 82' lang='lat' dir='ltr'><strong>angustiis</strong></span> <span class='ocrx_word' id='word_1_329' title='bbox 1093 3629 1229 3691; x_wconf 88' lang='lat' dir='ltr'><strong>laboran-</strong></span> 
     </span>
     <span class='ocr_line' id='line_1_35' title="bbox 78 3716 1180 3808; baseline -0.001 -18"><span class='ocrx_word' id='word_1_330' title='bbox 78 3738 141 3793; x_wconf 89' lang='lat' dir='ltr'><strong>tem</strong></span> <span class='ocrx_word' id='word_1_331' title='bbox 160 3716 394 3795; x_wconf 84' lang='lat' dir='ltr'><strong>·rersilicatorem</strong></span> <span class='ocrx_word' id='word_1_332' title='bbox 418 3748 532 3792; x_wconf 88' lang='lat' dir='ltr'><strong>cernas.</strong></span> <span class='ocrx_word' id='word_1_333' title='bbox 579 3728 703 3808; x_wconf 86' lang='lat' dir='ltr'><strong>Scripsit</strong></span> <span class='ocrx_word' id='word_1_334' title='bbox 726 3728 856 3789; x_wconf 88' lang='lat' dir='ltr'><strong>enimv.</strong></span> <span class='ocrx_word' id='word_1_335' title='bbox 879 3725 920 3787; x_wconf 88' lang='grc'><strong>68</strong></span> <span class='ocrx_word' id='word_1_336' title='bbox 932 3744 997 3806; x_wconf 89' lang='lat' dir='ltr'><strong>sqq.</strong></span> <span class='ocrx_word' id='word_1_337' title='bbox 1021 3725 1057 3786; x_wconf 89' lang='lat' dir='ltr'><strong>de</strong></span> <span class='ocrx_word' id='word_1_338' title='bbox 1081 3728 1180 3807; x_wconf 89' lang='lat' dir='ltr'><strong>equis:</strong></span> 
     </span>
    </p>
   </div>
   <div class='ocr_carea' id='block_1_3' title="bbox 88 3853 1073 4230">
    <p class='ocr_par' dir='ltr' id='par_1_5' title="bbox 219 3853 996 3935">
     <span class='ocr_line' id='line_1_36' title="bbox 219 3853 996 3935; baseline -0.005 -19"><span class='ocrx_word' id='word_1_339' title='bbox 219 3854 299 3916; x_wconf 83' lang='lat' dir='ltr'><strong>&#39;Seu</strong></span> <span class='ocrx_word' id='word_1_340' title='bbox 322 3861 438 3935; x_wconf 88' lang='lat' dir='ltr'><strong>septem</strong></span> <span class='ocrx_word' id='word_1_341' title='bbox 462 3853 562 3934; x_wconf 87' lang='lat' dir='ltr'><strong>spatiis</strong></span> <span class='ocrx_word' id='word_1_342' title='bbox 586 3854 823 3914; x_wconf 75' lang='lat' dir='ltr'><strong>circo‘meruere</strong></span> <span class='ocrx_word' id='word_1_343' title='bbox 845 3868 996 3923; x_wconf 89' lang='lat' dir='ltr'><strong>coronam,</strong></span> 
     </span>
    </p>

    <p class='ocr_par' dir='ltr' id='par_1_6' title="bbox 152 3945 976 4032">
     <span class='ocr_line' id='line_1_37' title="bbox 152 3945 976 4032; baseline -0.01 -17"><span class='ocrx_word' id='word_1_344' title='bbox 152 4008 156 4015; x_wconf 94' lang='lat'>.</span> <span class='ocrx_word' id='word_1_345' title='bbox 228 3952 335 4016; x_wconf 84' lang='lat' dir='ltr'><strong>Nonne</strong></span> <span class='ocrx_word' id='word_1_346' title='bbox 356 3953 437 4015; x_wconf 77' lang='lat' dir='ltr'><strong>‘vides</strong></span> <span class='ocrx_word' id='word_1_347' title='bbox 460 3952 553 4014; x_wconf 89' lang='lat' dir='ltr'><strong>victor</strong></span> <span class='ocrx_word' id='word_1_348' title='bbox 575 3961 686 4032; x_wconf 85' lang='lat' dir='ltr'><strong>quanto</strong></span> <span class='ocrx_word' id='word_1_349' title='bbox 709 3949 865 4012; x_wconf 86' lang='lat' dir='ltr'><strong>suhlimius</strong></span> <span class='ocrx_word' id='word_1_350' title='bbox 889 3945 976 4028; x_wconf 72' lang='lat' dir='ltr'><strong>cqc?</strong></span> 
     </span>
    </p>

    <p class='ocr_par' dir='ltr' id='par_1_7' title="bbox 88 4045 1073 4230">
     <span class='ocr_line' id='line_1_38' title="bbox 108 4045 989 4126; baseline -0.007 -13"><span class='ocrx_word' id='word_1_351' title='bbox 108 4086 111 4091; x_wconf 95' lang='lat'>·</span> <span class='ocrx_word' id='word_1_352' title='bbox 206 4051 357 4112; x_wconf 85' lang='lat' dir='ltr'><strong>·Celsave</strong></span> <span class='ocrx_word' id='word_1_353' title='bbox 377 4045 461 4112; x_wconf 83' lang='lat' dir='ltr'><strong>cum</strong></span> <span class='ocrx_word' id='word_1_354' title='bbox 481 4069 567 4112; x_wconf 89' lang='lat' dir='ltr'><strong>caeso</strong></span> <span class='ocrx_word' id='word_1_355' title='bbox 590 4051 769 4111; x_wconf 83' lang='lat' dir='ltr'><strong>decorantur</strong></span> <span class='ocrx_word' id='word_1_356' title='bbox 790 4057 871 4126; x_wconf 85' lang='lat' dir='ltr'><strong>terga</strong></span> <span class='ocrx_word' id='word_1_357' title='bbox 893 4048 989 4120; x_wconf 87' lang='lat' dir='ltr'><strong>leone,</strong></span> 
     </span>
     <span class='ocr_line' id='line_1_39' title="bbox 88 4136 1073 4230; baseline -0.01 -18"><span class='ocrx_word' id='word_1_358' title='bbox 88 4167 102 4189; x_wconf 40' lang='grc' dir='ltr'><strong>’ν</strong></span> <span class='ocrx_word' id='word_1_359' title='bbox 226 4149 323 4222; x_wconf 83' lang='lat' dir='ltr'><strong>Quam</strong></span> <span class='ocrx_word' id='word_1_360' title='bbox 346 4136 478 4230; x_wconf 82' lang='lat' dir='ltr'><strong>tumidus</strong></span> <span class='ocrx_word' id='word_1_361' title='bbox 502 4156 673 4230; x_wconf 89' lang='lat' dir='ltr'><strong>quantoque</strong></span> <span class='ocrx_word' id='word_1_362' title='bbox 698 4147 778 4208; x_wconf 92' lang='lat' dir='ltr'><strong>venit</strong></span> <span class='ocrx_word' id='word_1_363' title='bbox 799 4144 980 4225; x_wconf 69' lang='lat' dir='ltr'><strong>spectabilis</strong></span> <span class='ocrx_word' id='word_1_364' title='bbox 990 4140 1073 4205; x_wconf 93' lang='lat' dir='ltr'><strong>actul</strong></span> 
     </span>
    </p>
   </div>
   <div class='ocr_carea' id='block_1_4' title="bbox 80 4307 1234 4394">
    <p class='ocr_par' dir='ltr' id='par_1_8' title="bbox 80 4307 1234 4394">
     <span class='ocr_line' id='line_1_40' title="bbox 80 4307 1234 4394; baseline -0.003 -20"><span class='ocrx_word' id='word_1_365' title='bbox 80 4313 112 4389; x_wconf 83' lang='lat' dir='ltr'><strong>ld</strong></span> <span class='ocrx_word' id='word_1_366' title='bbox 144 4314 214 4389; x_wconf 88' lang='lat' dir='ltr'><strong>nolo</strong></span> <span class='ocrx_word' id='word_1_367' title='bbox 242 4331 380 4394; x_wconf 86' lang='lat' dir='ltr'><strong>premere</strong></span> <span class='ocrx_word' id='word_1_368' title='bbox 410 4331 515 4393; x_wconf 89' lang='lat' dir='ltr'><strong>parum</strong></span> <span class='ocrx_word' id='word_1_369' title='bbox 538 4322 663 4374; x_wconf 87' lang='lat' dir='ltr'><strong>venuste</strong></span> <span class='ocrx_word' id='word_1_370' title='bbox 686 4312 796 4392; x_wconf 89' lang='lat' dir='ltr'><strong>quippe</strong></span> <span class='ocrx_word' id='word_1_371' title='bbox 823 4310 999 4372; x_wconf 88' lang='lat' dir='ltr'><strong>inconcinne</strong></span> <span class='ocrx_word' id='word_1_372' title='bbox 1021 4307 1234 4388; x_wconf 88' lang='lat' dir='ltr'><strong>primariarum</strong></span> 
     </span>
    </p>
   </div>
   <div class='ocr_carea' id='block_1_5' title="bbox 82 4404 1228 4562">
    <p class='ocr_par' dir='ltr' id='par_1_9' title="bbox 82 4404 1228 4562">
     <span class='ocr_line' id='line_1_41' title="bbox 82 4404 1228 4490; baseline -0.005 -16"><span class='ocrx_word' id='word_1_373' title='bbox 82 4404 302 4486; x_wconf 86' lang='lat' dir='ltr'><strong>sententiarum</strong></span> <span class='ocrx_word' id='word_1_374' title='bbox 324 4413 447 4474; x_wconf 87' lang='lat' dir='ltr'><strong>alterum</strong></span> <span class='ocrx_word' id='word_1_375' title='bbox 468 4410 675 4490; x_wconf 81' lang='lat' dir='ltr'><strong>interrogantis</strong></span> <span class='ocrx_word' id='word_1_376' title='bbox 698 4428 772 4482; x_wconf 88' lang='lat' dir='ltr'><strong>esse,</strong></span> <span class='ocrx_word' id='word_1_377' title='bbox 794 4411 916 4472; x_wconf 89' lang='lat' dir='ltr'><strong>alteram</strong></span> <span class='ocrx_word' id='word_1_378' title='bbox 939 4407 1137 4470; x_wconf 86' lang='lat' dir='ltr'><strong>exclamantis.</strong></span> <span class='ocrx_word' id='word_1_379' title='bbox 1184 4409 1228 4469; x_wconf 78' lang='lat' dir='ltr'><strong>hcl</strong></span> 
     </span>
     <span class='ocr_line' id='line_1_42' title="bbox 134 4509 1069 4562; baseline -0.006 -8"><span class='ocrx_word' id='word_1_380' title='bbox 134 4511 223 4562; x_wconf 86' lang='lat' dir='ltr'><strong>Blrt,</strong></span> <span class='ocrx_word' id='word_1_381' title='bbox 245 4509 275 4555; x_wconf 88' lang='lat' dir='ltr'><strong>de</strong></span> <span class='ocrx_word' id='word_1_382' title='bbox 289 4509 435 4559; x_wconf 81' lang='lat' dir='ltr'><strong>halieuticis.</strong></span> <span class='ocrx_word' id='word_1_383' title='bbox 1054 4510 1069 4562; x_wconf 75' lang='lat'><strong>2</strong></span> 
     </span>
    </p>
   </div>
   <div class='ocr_carea' id='block_1_6' title="bbox 0 0 1464 5040">
    <p class='ocr_par' dir='ltr' id='par_1_10' title="bbox 0 0 1464 5040">
     <span class='ocr_line' id='line_1_43' title="bbox 0 0 1464 5040; baseline 0 0"><span class='ocrx_word' id='word_1_384' title='bbox 0 0 1464 5040; x_wconf 95' lang='lat' dir='ltr'><strong> </strong></span> 
     </span>
    </p>
   </div>
  </div>
 </body>
</html>
