2902 5040
576 291 796 353 ..71-

110 466 224 528 Eadem
247 463 397 529 nonnullis
419 464 589 544 praemissis
614 465 767 545 Oppianus
782 465 821 527 lll
841 466 987 547 156sqq.:

214 605 341 684 Σηπίαι
362 595 404 664 αὖ
423 605 534 686 τοίηοι
560 600 827 686 δολοφροσύνηοι
854 602 1022 686 μέλονται.

213 699 283 764 ἔστι
303 723 353 774 τις
372 699 408 763 έν
429 697 559 783 μήκωσι
573 700 699 774 θολός
724 705 850 784 κείνησι
871 698 1033 785 πεπηγός

213 798 379 873 κυάνεος
404 803 528 882 πίσσης
552 798 808 884 δνοφερώτερος,
836 796 954 880 ἀχλύος
979 797 1077 884 όχρής

214 896 389 983 φάρμακον
415 894 659 978 άπροτίοπτον,
686 895 705 961 ὅ
729 923 767 962 τε
792 903 912 983 σφίσιν
941 897 1044 982 ἄλκαρ
1070 895 1215 982 ὀλέθρου

213 997 418 1081 ἕντρέφεται·
434 998 503 1070 τὰς
518 995 551 1059 d'
569 993 653 1060 εὖτ’
669 997 714 1062 ἂν
729 996 794 1081 etp
811 995 952 1082 φόβος,
970 995 1258 1062 αὖτίκακείνου

212 1090 416 1179 ὀρφναίας
431 1090 697 1179 ῥαθάμιχχας
713 1093 925 1180 ἀνήμεσαν,
943 1093 1030 1180 ἀμφὶ
1046 1095 1084 1159 δέ
1099 1097 1257 1160 πόντου

213 1192 346 1256 πάντα
367 1193 485 1274 πέριξ
506 1193 643 1277 έμίηνε
669 1195 735 1256 καὶ
761 1191 971 1277 ήμάλδυνε
997 1195 1180 1258 κέλευθα

214 1293 293 1375 ἰχώρ
320 1288 482 1371 ἀχλυόεις,
511 1290 586 1357 ἀνὰ
611 1288 643 1355 δ’
670 1292 821 1377 ἔτραπε
848 1295 984 1358 πᾶσαν
1010 1290 1199 1377 ὀπωπήν·

211 1387 248 1452 αἱ
273 1389 312 1452 δὲ
337 1389 398 1452 διὰ
419 1387 600 1464 θολόεντος
625 1389 716 1475 άφαρ
744 1388 903 1475 φεόχουσι
930 1385 1055 1476 πόροισ

211 1487 347 1572 ῥηϊδίως
373 1488 428 1550 καὶ
456 1491 549 1572 φῶτα
576 1485 632 1551 καὶ
657 1493 688 1551 εἴ
714 1493 805 1553 ποθι
831 1493 988 1574 φέρτερον
1016 1486 1126 1570 ίχθόν.

108 1643 185 1703 Item
206 1641 383 1704 Plutarchus
407 1641 582 1722 978nsq.:
617 1637 674 1704 οὐκ
704 1638 799 1713 ἄξιόν
828 1641 899 1705 ε’στι
928 1640 965 1704 τό
1001 1643 1072 1726 τής
1106 1644 1257 1724 σηπίας
1366 1669 1367 1674 ’

108 1736 326 1822 παράδειγμα
359 1739 560 1822 παρελθεῖν·
597 1739 656 1822 τήν
692 1739 755 1823 γάρ
789 1740 993 1823 καλουμένην
1030 1739 1128 1822 μύτιν
1163 1739 1257 1823 παρὰ

108 1836 167 1903 τόν
209 1829 374 1921 τράχηλον
414 1835 534 1917 ἔχουσα
574 1835 681 1922 πλήρη
726 1836 901 1921 ζοφερᾶς
945 1832 1170 1922 ὑγρότητος
1213 1833 1257 1921 ήν

110 1932 239 2000 θόλον
268 1934 428 2000 καλοῦσιν
450 1931 549 2001 όταν
571 1933 933 2020 καταλαμβάνηται
962 1939 1163 2019 μεθίησιν
1192 1933 1255 2009 ἔξω

108 2036 292 2118 τεχνωμένη
337 2036 403 2118 τῆς
446 2031 651 2118 θαλάττης
701 2031 1037 2118 διαθολωθείσης
1085 2031 1257 2117 ποιήσασα

109 2132 188 2214 περὶ
219 2127 321 2218 αὑτήν
354 2130 469 2208 σκότος
505 2130 688 2198 ὑπεκδῦναι
726 2134 782 2197 καὶ
817 2131 1052 2215 ἀποδράναι
1092 2131 1163 2216 τήν
1198 2128 1260 2196 τοῦ

109 2230 310 2317 θηρεύοντος
340 2230 448 2317 ὅφιν.

130 2392 133 2399 ,
196 2333 317 2414 Singula
344 2332 400 2394 hoc
423 2332 454 2392 in
478 2333 612 2412 exemplo
637 2332 782 2395 curiosius
804 2333 1034 2413 perpendamus.
1079 2332 1255 2395 Communis

32 2475 34 2480 ,
108 2432 262 2493 sententiis
278 2431 373 2493 tribus
390 2431 476 2492 etiam
492 2437 641 2493 structura
658 2442 717 2507 est;
747 2430 896 2511 incipiunt
913 2431 993 2492 enim
1008 2450 1024 2492 a
1040 2449 1104 2494 cum
1118 2433 1195 2510 sorte
1209 2432 1256 2492 vel

109 2526 175 2593 εὖτ’
200 2527 241 2591 ἂν
264 2530 309 2590 vel
332 2521 421 2591 ὅταν.
470 2527 542 2589 Cum
562 2528 700 2610 deprenso
722 2530 861 2628 estsapud
883 2529 1074 2591 Plutarchum
1097 2529 1187 2609 habet
1208 2531 1255 2593 cui

107 2628 297 2709 respondeat.
334 2626 466 2707 inficiens
489 2645 594 2707 aequor
609 2628 687 2707 apud
702 2646 874 2707 graecorum
895 2635 1057 2707 utrumque
1080 2623 1204 2711 (ἔμίηνε
1227 2637 1255 2689 et

108 2725 401 2808 διαθολωθείσης),
432 2726 527 2787 oculos
555 2728 702 2804 frustratu
728 2726 801 2788 item
829 2726 905 2806 apud
929 2735 1092 2805 utrumque
1119 2726 1254 2787 recurrit.

29 2884 33 2893 .
108 2829 204 2906 Atque
228 2825 317 2886 etiam
333 2824 442 2884 mirum
465 2823 536 2885 illud
560 2829 716 2905 auertitque
738 2828 801 2887 otus
816 2824 1144 2904 simillimumOppiani
1159 2824 1255 2885 verbis

107 2925 222 2987 videtur
256 2918 422 3005 η’μάλδυνε
455 2920 600 2985 κέλευθα
608 2949 620 2998 ,-
652 2924 706 2985 sed
737 2924 817 2986 enirn
854 2918 1021 3006 η’μάλδυνε
1056 2922 1137 2985 idern
1175 2922 1255 3014 quud

107 3017 251 3106 ήφάνισε
281 3020 337 3101 (cf.
365 3021 490 3096 scholl:
527 3022 632 3102 quodsi
667 3032 796 3085 euertere
827 3023 910 3085 aliter
942 3021 1034 3102 accipi
1068 3039 1129 3083 non
1159 3021 1256 3103 possit

108 3130 195 3201 atque
225 3121 303 3203 apud
327 3119 483 3183 Caesarem
505 3121 574 3183 Bell.
592 3120 663 3183 Gall.
683 3122 695 3181 l
715 3122 752 3183 16
776 3121 827 3182 ubi
854 3121 889 3183 ab
913 3122 1003 3183 Arare
1026 3120 1150 3182 Helvetii
1173 3119 1255 3193 „iter

108 3224 262 3283 avertere“
286 3218 434 3290 dicuutur,
452 3219 510 3280 iam
526 3237 587 3280 non
602 3219 682 3283 idem
696 3219 881 3300 scripserunt
895 3227 1008 3300 poetae.
1035 3219 1095 3281 Sed
1117 3224 1256 3299 potuerat

108 3319 243 3382 facillime
269 3317 358 3398 pangi
385 3317 477 3378 latine
506 3318 680 3400 occultatque
707 3323 782 3391 otum
813 3337 917 3381 vereor
948 3319 1048 3398 itaque
1076 3335 1116 3379 ue
1142 3336 1254 3398 ponere

108 3436 199 3481 ausus
222 3416 310 3478 homo
334 3424 461 3478 avertere
484 3416 524 3477 sit
545 3420 759 3492 sensu‚,fu1·t0
782 3419 976 3485 subducere“‚
999 3418 1078 3479 velut
1100 3416 1254 3481 dicebant:

109 3523 240 3579 avertere
273 3516 448 3595 pecuniam,
482 3514 692 3590 hereditatem,
725 3517 866 3596 praedam
900 3517 1015 3579 similia.
1071 3514 1256 3581 commeruit

108 3614 219 3695 quippo
241 3622 275 3676 ut
290 3615 336 3675 rel
358 3614 490 3676 inaudita
505 3615 533 3676 ei
555 3615 781 3695 imputaremus.
818 3615 1053 3681 Versusautem
1075 3613 1114 3675 21
1139 3614 1255 3681 litterae

108 3731 266 3793 supremae
282 3712 428 3774 abscissae
443 3720 514 3775 sunt
536 3713 722 3794 legimusque
741 3717 857 3795 πίηταυι
872 3719 958 3778 uomit
980 3715 1034 3777 illu
1056 3733 1080 3776 c.
1106 3714 1254 3794 Hauptius

109 3811 199 3874 Ulitio
234 3811 307 3873 duce
339 3812 487 3888 ingratum
516 3811 741 3891 hypermetrum
769 3813 850 3875 dedit
876 3817 962 3875 uomet
991 3814 1066 3876 ilicet
1096 3813 1260 3895 dumoretnff

108 3910 233 3973 Facilior
255 3910 398 3971 correctio
421 3918 473 3971 aut
497 3911 585 3972 haec:
615 3912 777 3975 comitello
802 3911 924 3974 colorem
949 3923 1000 3985 aut
1022 3912 1137 3992 potius:
1167 3913 1255 3988 comit

108 4011 161 4072 illu
183 4026 326 4082 cruorcnc3
354 4008 387 4068 iu
408 4008 466 4069 hoc
488 4009 567 4070 enim
591 4010 680 4075 etiam
708 4028 801 4072 sonus
825 4009 986 4075 Ouidianus
1008 4010 1102 4090 qualis
1131 4010 1164 4071 iu
1185 4008 1254 4072 utet.

108 4107 160 4169 XV
180 4106 242 4169 596
270 4107 389 4186 legitur:
416 4105 538 4169 rutilum
562 4112 650 4170 uomit
675 4109 724 4171 ille
753 4127 884 4171 cruorem
908 4108 963 4184 (cl.
986 4127 1075 4188 supra
1103 4127 1132 4186 p.
1153 4108 1252 4185 5sq.)s.

109 4205 230 4269 decedit
251 4207 332 4286 quod
352 4199 490 4278 ὁθόλος
505 4206 604 4286 sepiae
626 4207 714 4269 etiam
732 4207 867 4287 <Oppiani
888 4209 952 4269 loco
976 4206 1123 4285 adscripto
1146 4205 1254 4267 dicitur
1322 4208 1325 4214 '

111 4301 200 4384 ἰχώρ,
223 4304 311 4366 sicuti
326 4303 440 4365 Plinius
463 4323 582 4383 quoque
605 4305 642 4366 de
662 4306 744 4386 sepia
758 4306 798 4366 lX
810 4307 864 4368 45:
889 4307 978 4388 effuso
1000 4314 1160 4368 otrcntento
1179 4303 1257 4384 quod.
1287 4335 1289 4340 ·

106 4422 162 4482 pro
184 4405 323 4481 sunpuine
344 4404 386 4465 lits
408 4413 461 4477 est,
492 4411 522 4464 et
545 4403 750 4472 iterumlll&
773 4409 865 4485 sepiae
887 4409 919 4466 in
939 4408 1018 4467 muri
1035 4407 1184 4483 sunpuim's
1205 4407 1252 4465 ω’-
