2902 5040
591 321 830 388 -202-

243 499 372 580 Polypus
393 501 494 561 haeret
517 510 547 562 et
569 501 623 562 hac
646 499 739 562 eiudit
761 501 871 581 proelia
894 502 1010 563 frande:

243 599 368 661 Pressus
390 599 451 680 iege
474 599 529 661 ioci
551 599 641 661 sumit
664 607 818 681 mutatque
841 601 972 662 coiorcm

244 699 367 778 Semper
389 698 415 759 ei
437 698 540 761 similis
563 717 653 780 quom
676 699 810 780 contigit,
832 708 922 780 atque
945 699 995 761 uhi
1018 702 1155 779 praedam

186 804 218 854 35
244 796 425 858 Pendentem
449 798 538 860 saetis
560 798 661 860 avidus
684 799 770 879 rapit,
794 799 843 861 hic
865 817 984 879 quoque
1006 799 1088 872 saliit,

245 896 327 957 Elato
351 896 461 958 calamo
484 916 556 963 cum
573 897 696 963 donnum
719 916 854 981 emersus
878 899 915 969 in:
931 915 1017 973 auras

244 993 364 1055 Brachia
388 994 522 1056 dissolvit
545 997 780 1079 populatumqne
803 995 903 1079 expuit
925 997 1057 1059 hamum.

244 1095 282 1153 m
304 1093 394 1172 mugil
416 1094 506 1156 cauda
528 1095 710 1176 pendentem
734 1096 888 1159 everberat
910 1114 1007 1158 escam

245 1192 466 1273 Excussamque
487 1193 564 1273 legit.
608 1193 711 1274 Lupus
733 1194 793 1257 aon'
815 1194 949 1257 counitus
971 1210 1037 1256 aere

188 1299 221 1346 4ο
247 1289 388 1352 Discursu
409 1292 505 1353 isrtur
527 1291 607 1359 vario
630 1294 801 1374 tinctusque
820 1292 973 1358 terentes·

247 1389 442 1470 Prosequitur
463 1399 643 1473 quassatque
664 1400 764 1472 capnt,
785 1392 856 1455 dum
880 1393 1003 1455 minere
1024 1406 1149 1453 saeuus·

245 1487 353 1549 Laxato
376 1488 460 1550 cadat
481 1488 590 1552 hamus
609 1499 640 1551 et
662 1507 713 1553 ora
734 1490 865 1570 petentia
888 1489 1010 1570 linquat.

246 1586 306 1647 Neo
326 1586 463 1666 proprias
483 1588 561 1649 vires
582 1588 678 1650 nescit
699 1606 824 1651 murena
848 1587 975 1650 nocendi
1071 1600 1073 1606 ·

246 1683 411 1766 Auxiliique
432 1685 488 1759 sui,
512 1703 614 1749 morsu
636 1705 691 1748 nec
713 1688 850 1753 cominne
873 1686 933 1749 aori

172 1790 206 1840 45
249 1782 353 1845 Deficit
372 1792 424 1846 eut
445 1785 560 1846 animos
581 1785 669 1865 pouit
690 1785 802 1866 captiva
826 1785 963 1848 minacis:

169 1884 224 1935 451)
246 1883 362 1951 Amplius
380 1883 499 1936 ostreno
518 1891 596 1936 reret
613 1883 747 1950 creditque
763 1884 801 1936 ite
820 1883 908 1935 lirun.

247 1967 439 2036 toeniae-his
460 1974 544 2046 tergo
565 1985 729 2048 quaonon
750 1966 831 2034 videt
850 1966 947 2030 utitur
968 1965 1060 2029 armis

247 2067 310 2128 Vim
333 2066 438 2147 spinae
459 2065 602 2145 novitque
623 2085 695 2134 suae
716 2084 863 2147 versoque
885 2065 1030 2145 sopimus·
1052 2114 1056 2123 .
1164 2102 1167 2107 -

247 2166 378 2246 Corpore
398 2165 459 2232 lina
480 2173 563 2231 scoot
585 2164 738 2246 fisumque
759 2164 912 2244 intercipit
933 2165 1066 2229 mmom.

331 2265 435 2327 Cetera
458 2282 534 2345 quoe
556 2263 665 2332 donem
687 2264 826 2330 habitant
843 2262 981 2329 animatia
1003 2261 1090 2327 eiivrs
1118 2308 1131 2323 .,

191 2372 226 2422 oo
251 2365 310 2425 Ant
330 2363 398 2424 vani
421 2362 559 2443 quatiunt
581 2380 699 2442 sempor
720 2361 1015 2443 lymphatatimoroa
1082 2403 1084 2407 -

249 2463 309 2524 Aut
330 2461 421 2527 trahit
443 2461 474 2523 in
496 2477 639 2540 praeceps
661 2479 722 2524 uon
744 2478 815 2527 sano
836 2459 945 2525 ferocia
969 2458 1089 2525 montis.

248 2560 353 2640 Saepta
375 2558 461 2638 sequi
482 2567 589 2627 uatum
612 2566 714 2623 mouet
738 2559 784 2626 vet
805 2558 971 2625 comninos
992 2557 1057 2623 ire..

248 2660 376 2742 Impiger
398 2659 535 2727 eocotoo
557 2664 721 2725 venantum
744 2666 880 2723 sternere
891 2657 995 2737 ·.perqit

247 2759 372 2839 Agmina
394 2766 425 2821 et
446 2757 575 2826 adversio
597 2756 687 2825 ntea
709 2775 763 2823 sua
784 2763 905 2838 pectore
927 2754 994 2821 otu

192 2867 224 2916 55
251 2858 377 2939 Quoque
400 2857 481 2920 venit
498 2857 595 2926 ¹tideus
617 2855 713 2935 magis
734 2862 764 2921 ot
785 2854 929 2922 sublatior
949 2853 1034 2918 ardet

249 2957 465 3039 Concussitquo
487 2964 570 3023 toros
593 2961 624 3021 et
645 2953 758 3021 viribus
781 2953 896 3021 addidit
916 2955 1013 3027 imme

250 3056 491 3137 Prociditatquc
513 3073 568 3121 suo
592 3061 730 3136 proporat
751 3051 810 3120 sibi
830 3050 939 3119 roboro
959 3052 1073 3116 istum

249 3156 364 3218 Foedus
386 3153 513 3223 Lucanis
535 3151 719 3235 provolvitur
742 3168 829 3219 ursus
852 3151 889 3217 ab
912 3150 1017 3225 nutris,

250 3253 326 3327 Quid
351 3253 408 3315 nisi
431 3253 550 3334 pondus
571 3252 652 3320 iners
674 3249 858 3331 stolidaeque
879 3249 987 3315 ferocia
1010 3245 1144 3332 mqutiet

193 3361 226 3410 60
252 3354 343 3415 Actus
365 3370 434 3434 aper
457 3352 546 3421 sectis
568 3352 642 3420 nam
664 3349 820 3418 denuntiet
842 3348 940 3417 hirnea

254 3450 312 3513 Sed
338 3451 397 3512 ruit
419 3450 548 3531 oppositi
569 3448 671 3517 nitens
692 3448 725 3517 in
746 3449 869 3516 cunero
892 3448 963 3515 ferri

251 3549 376 3611 Pressus
399 3557 428 3610 et
449 3549 557 3618 emisso
580 3546 706 3615 moritur
728 3565 781 3626 per
804 3546 918 3613 viscora·
937 3546 1007 3611 telo.

251 3647 348 3709 Altera
371 3667 439 3728 pars
463 3647 557 3717 fidene
579 3644 705 3727 pedibus
727 3645 780 3711 dat
799 3651 883 3724 terga
905 3644 1044 3724 sequenti
1122 3658 1123 3661 ’

252 3746 290 3808 Ut
312 3745 408 3825 pavidi
429 3747 556 3832 tepores,
578 3754 614 3813 ut
633 3746 714 3813 fulvo
736 3754 855 3826 tergore
877 3746 1014 3811 dammae

194 3853 227 3902 os
254 3844 291 3904 Et
313 3852 397 3924 capto
419 3844 535 3924 fugiens
558 3862 662 3913 nervus
683 3844 749 3912 siue
771 3845 830 3911 tino
852 3844 968 3911 dmum.

253 3942 307 4003 Hie
328 3960 491 4022 generosus
512 3944 610 4012 honos
633 3951 663 4009 ot
684 3943 775 4023 gloria
798 3944 892 4009 maior
915 3941 1071 4023 equorum

153 4077 364 4086 ——-.--.

222 4143 274 4205 82.
287 4171 310 4222 p.
324 4156 364 4207 76.
398 4144 450 4206 33.
462 4170 486 4219 p.
499 4155 539 4211 76.
570 4143 622 4210 84.
635 4171 658 4222 p.
671 4154 712 4209 33.
742 4144 978 4221 tuearepooe
996 4152 1296 4206 reuetendunesseon-

154 4237 209 4287 dem
227 4237 286 4286 mihi
304 4252 405 4288 carmon
424 4238 480 4287 dmn
499 4237 616 4287 describo
636 4237 746 4301 effulsit3
773 4234 806 4287 ci.
825 4235 902 4288 Ovidi
922 4249 953 4285 ex
972 4233 1053 4284 Ponto
1074 4231 1095 4284 11
1116 4232 1140 4296 i,
1163 4234 1208 4296 103
1235 4233 1296 4284 vide

148 4335 178 4386 n·
194 4317 245 4380 303
271 4317 369 4376 tenso·
387 4320 469 4376 ‚verbe
493 4317 542 4373 ieci
566 4333 590 4384 p·
611 4321 635 4375 d.
688 4311 740 4372 4⁰.
763 4335 787 4386 p.
805 4318 846 4372 38.
900 4309 953 4370 41·
975 4333 999 4382 p.
1011 4316 1059 4377 703
1085 4330 1116 4366 mr
1142 4314 1211 4370 forte
1232 4315 1296 4367 Por-

148 4403 285 4466 ‚monum
319 4392 393 4458 45¹1·
414 4402 507 4467 pau·
529 4391 582 4453 40·
606 4417 629 4466 r·
644 4401 682 4458 io.
718 4393 771 4458 ot·
789 4416 813 4467 ρ.
827 4402 867 4452 25.
886 4400 927 4455 ao.
962 4391 1016 4452 ot.
1033 4414 1056 4464 p
1071 4399 1110 4449 ia.
1146 4387 1199 4450 ot.
1216 4414 1242 4465 p.
1255 4397 1295 4452 m.

149 4473 207 4544 tt.
223 4481 311 4543 nemo
328 4481 408 4557 nrm¹
430 4482 561 4548 rouen
578 4484 658 4539 roa..
690 4473 746 4539 oo.
763 4482 842 4549 uae.
895 4471 948 4536 oo.
966 4479 1047 4550 pas.
1112 4544 1114 4548 Α
1154 4528 1158 4533 ,
