2902 5040
575 288 794 350 -71-

108 464 223 527 Eadem
244 461 395 527 nonnullis
417 460 588 543 praemissis
613 461 766 542 Oppianus
780 462 819 525 lll
839 463 985 544 mosque

212 603 340 682 Σηπίαι
360 593 402 661 αὖ
421 601 532 684 τοίησι
559 597 825 683 δολοφροσύνησι
852 598 1020 682 μέλονται.

211 697 282 762 ἔστι
301 721 352 772 τις
370 697 406 761 ἐν
428 694 557 781 μήκωσι
571 696 696 771 θολός
722 701 848 781 κείνησι
870 695 1032 782 πεπηγώς

210 795 377 871 κυάνεος
402 800 526 880 πίσσης
551 795 806 881 δνοφεροίτερος,
834 793 953 877 ἀχλύος
978 794 1076 881 ὐχρής

213 894 387 982 φάρμακον
413 892 657 975 ἄπροτίοπτον,
685 891 704 958 ὅ
729 919 765 958 τε
791 899 910 980 σφίσιν
940 894 1042 979 ἄλκαρ
1069 892 1213 978 ὀλέθρου

210 995 417 1079 ἐνιτρέφεται·
432 995 502 1067 τάς
517 992 549 1057 δ’
567 990 651 1057 εὖτ’
667 994 713 1059 ἂν
728 993 793 1077 ἕλη
810 992 951 1079 φόβος,
969 991 1256 1058 αὖτίκακείνου

210 1089 414 1176 ὀρφναίας
430 1088 695 1176 ῥαθάμιχχας
711 1090 923 1177 ἀνήμεσαν,
941 1090 1028 1177 ἀμφὶ
1045 1092 1083 1156 δὲ
1098 1093 1256 1157 πόντου

211 1190 345 1254 πάντα
365 1191 484 1271 πέριξ
504 1190 643 1274 ἐμίηνε
668 1192 734 1254 καλ
760 1189 970 1274 ήμάλόυνε
995 1190 1178 1255 κέλευθα

212 1291 292 1372 ἰχώρ
318 1287 481 1368 ἀχλυόεις,
509 1287 584 1354 ἀνά
609 1287 641 1352 δ’
668 1289 820 1372 ἔτραπε
847 1292 983 1354 πᾶσαν
1009 1287 1197 1374 ὀπωπήν

210 1385 247 1450 αἱ
273 1386 311 1450 dt
336 1387 396 1450 διὰ
417 1384 598 1462 θολόεντος
624 1387 715 1472 ἄφαρ
743 1386 901 1472 φεύγουσι
928 1381 1053 1472 πόροιο

209 1485 346 1571 ῥηϊδίως
371 1486 427 1550 καλ
454 1489 548 1570 φοίτα
574 1482 631 1549 καὶ
656 1490 687 1549 εί
712 1490 803 1550 ποθι
830 1490 987 1571 φέρτερον
1015 1482 1125 1566 ἰχθύν.

106 1641 184 1702 ltem
205 1640 382 1703 Plutarchus
405 1639 581 1721 978Asq.:
616 1635 673 1701 οὐκ
703 1636 798 1710 ἄξιόν
827 1638 898 1702 ἐστι
927 1637 964 1701 τό
1000 1640 1071 1722 τῆς
1105 1640 1256 1721 σηπίας

106 1735 325 1821 παράδειγμα
358 1736 559 1820 παρελθεῖν·
596 1735 656 1820 τήν
691 1736 753 1819 χάρ
788 1737 992 1820 καλουμένην
1029 1735 1127 1818 μύτιν
1162 1736 1256 1820 παρά

105 1835 166 1901 τόν
208 1827 372 1918 τράχηλον
412 1833 533 1914 ἔχουσα
573 1833 680 1919 πλήρη
725 1833 900 1919 ζοφερᾶς
943 1829 1169 1917 ὑγρότητος
1212 1830 1255 1918 ήν

106 1931 238 1999 θόλον
267 1933 427 1997 καλοῦσιν
449 1928 548 1998 ὅταν
569 1930 932 2017 καταλαμβάνηται
960 1935 1161 2016 μεθίησιν
1190 1929 1254 2005 ἔξω

106 2034 291 2117 τεχνωμένη
336 2033 401 2115 τῆς
444 2029 650 2116 θαλάττης
700 2029 1036 2115 διαθολωθείσης
1083 2027 1256 2114 ποιήσασα

107 2130 187 2212 περὶ
218 2125 319 2216 αὑτήν
353 2126 468 2207 σκότος
504 2127 686 2196 ὑπεκδῦναι
725 2131 781 2194 καὶ
816 2127 1051 2213 ἀποδρᾶναι
1091 2128 1161 2214 τήν
1197 2124 1258 2192 τοῦ

106 2227 309 2314 θηρεύοντος
339 2227 358 2293 ὅ
365 2239 447 2313 φιν.

194 2330 316 2411 Singula
343 2329 400 2393 hoc
422 2330 453 2390 in
477 2330 612 2410 exemplo
636 2329 781 2392 curiosius
803 2330 1033 2411 perpendamus.
1078 2328 1254 2391 Communis

31 2472 34 2477 -
106 2429 261 2490 sententiis
277 2428 373 2491 tribus
388 2428 476 2490 etiam
491 2436 640 2489 structura
657 2437 716 2504 est3
746 2428 895 2508 incipiunt
912 2428 991 2489 enim
1008 2447 1023 2490 a
1039 2447 1103 2491 cum
1117 2430 1193 2508 forte
1209 2428 1254 2489 vel

107 2524 174 2591 εὖτ’
199 2524 240 2588 clv
262 2526 307 2588 vel
331 2519 419 2589 ὅταν.
469 2525 541 2586 Cum
561 2527 699 2607 deprenso
721 2527 860 2624 estsapud
882 2527 1074 2589 Plutarchum
1096 2526 1186 2590 habet
1207 2527 1255 2589 cui

107 2627 296 2708 respondeat.
333 2623 465 2704 inficiens
487 2641 593 2704 aequor
608 2626 684 2704 apud
701 2643 873 2704 graecorum
894 2634 1056 2704 utrumque
1079 2619 1203 2708 (ε”μίηνε
1226 2633 1255 2686 et

107 2721 401 2806 διαθολωθείσης),
431 2723 526 2784 oculos
554 2725 701 2802 fenestrula
728 2723 800 2785 item
828 2724 904 2803 apud
929 2732 1091 2803 utrumque
1118 2723 1253 2784 recurrit.

29 2882 33 2892 ,
106 2826 203 2905 Atque
227 2822 315 2883 etiam
332 2822 440 2882 mirum
464 2821 535 2883 illud
559 2825 715 2902 avertitque
737 2825 800 2884 οίοε
815 2822 999 2884 simillimum
1016 2820 1143 2901 Oppiani
1158 2821 1254 2882 verbis

106 2924 221 2984 videtur
255 2915 421 3002 ήμάλδυνε
454 2918 619 2996 κέλευθος
651 2922 704 2982 sed
737 2922 816 2984 enim
853 2916 1020 3003 ήμάλδυνε
1055 2920 1136 2982 idern
1173 2919 1254 3010 quod

106 3016 251 3104 ήφάνισε
280 3017 336 3098 (cf.
364 3019 490 3094 scholl:
525 3019 632 3100 quodsi
665 3030 795 3082 evertere
827 3020 910 3083 aliter
941 3018 1033 3099 accipi
1066 3035 1127 3081 non
1158 3017 1255 3099 possit

107 3128 195 3199 atque
225 3119 301 3201 apud
326 3117 481 3181 Caesarem
504 3118 662 3180 BellGall.
683 3119 751 3180 116
775 3119 826 3180 ubi
854 3119 888 3181 ab
912 3119 1003 3181 Arare
1026 3117 1149 3180 Helvetii
1172 3116 1254 3190 „iter

107 3221 261 3281 avertere“
285 3215 432 3288 dicuntur,
451 3217 508 3278 iam
526 3235 587 3277 nou
602 3217 681 3279 idem
696 3217 881 3297 scripserunt
894 3225 1007 3298 poetae.
1035 3216 1094 3279 Sed
1116 3221 1255 3296 potuerat

107 3316 243 3380 facillime
268 3315 357 3395 pangi
384 3314 476 3376 latine
505 3315 679 3397 occultatque
706 3321 781 3389 οιόα
813 3335 917 3379 vereor
948 3316 1048 3394 itaque
1075 3334 1115 3375 ne
1141 3333 1253 3395 ponere

107 3435 198 3479 ausus
220 3414 309 3476 homo
333 3423 460 3476 ουινίονο
483 3414 524 3475 sit
544 3434 636 3476 sensu
658 3417 759 3489 „furto
782 3417 975 3482 subduceret
998 3415 1077 3475 velut
1100 3413 1253 3477 dicebant:

107 3521 239 3577 avertere
272 3513 447 3593 pecuniam,
481 3512 691 3587 hereditatem,
724 3514 865 3594 praedam
899 3514 1014 3576 similia.
1070 3510 1255 3575 Commeruit

107 3612 218 3694 quippe
240 3619 275 3675 ut
289 3613 335 3673 vel
357 3612 489 3674 inaudita
504 3613 532 3672 ei
554 3612 781 3691 imputaremus.
817 3614 1052 3677 Versnsautem
1075 3611 1113 3671 21
1139 3610 1254 3673 litterae

107 3730 265 3791 supremae
280 3710 427 3772 abscissae
442 3717 514 3771 sunt
535 3711 721 3791 legimusque
741 3715 856 3792 αίηκιιοι
871 3717 958 3776 vomit
979 3711 1033 3774 illo
1055 3730 1079 3773 c.
1105 3709 1253 3790 Hauptins

106 3809 198 3873 Ulitio
233 3809 307 3871 duce
339 3810 486 3887 ingratum
515 3809 740 3889 hypermetrum
769 3811 850 3872 dedit
875 3815 961 3872 vomit
990 3812 1065 3875 ilicet
1095 3811 1259 3891 humorem„

106 3908 232 3972 Facilior
253 3908 397 3970 correctio
421 3916 473 3970 aut
496 3909 584 3970 haec:
614 3913 702 3971 vomit
723 3910 776 3972 illu
802 3909 923 3972 colorem
948 3919 1000 3972 aut
1022 3909 1136 3988 potius:
1166 3910 1255 3985 vomit

106 4009 161 4070 illa
182 4025 325 4080 cruorem
353 4006 385 4067 in
407 4006 465 4069 hoc
487 4007 566 4070 enim
590 4008 680 4073 etiam
707 4026 800 4070 sonus
825 4006 985 4071 Ovidiauus
1008 4007 1102 4087 qualis
1130 4007 1162 4067 in
1184 4004 1254 4081 Met.

106 4105 158 4167 XV
179 4105 241 4167 596
268 4104 389 4184 legitur:
415 4104 537 4167 rutilum
561 4111 649 4168 uomet
674 4107 724 4169 ille
753 4125 883 4169 cruorem
907 4105 962 4182 (cf.
986 4124 1074 4185 supra
1102 4125 1131 4185 p.
1153 4105 1252 4184 5sq‚).

108 4204 229 4266 Accedit
251 4205 331 4284 quod
352 4198 489 4276 ὁθόλος
504 4204 603 4284 sepiae
626 4205 714 4267 etiam
732 4205 866 4285 Oppiani
887 4206 952 4267 loco
975 4203 1122 4283 adscripto
1145 4202 1253 4264 dicitur
1322 4205 1325 4212 '

110 4298 199 4382 ίχιόρ,
222 4302 310 4364 sicuti
326 4301 439 4365 Plinius
462 4321 581 4382 quoque
604 4304 641 4364 de
661 4305 744 4384 sepia
758 4304 797 4364 IX
809 4305 864 4366 45:
888 4305 977 4386 effuso
999 4310 1159 4366 atramento
1178 4300 1257 4381 quod.
1287 4332 1289 4337 >

105 4419 161 4480 pro
183 4403 322 4479 scopetur
344 4401 386 4462 lo's
408 4411 461 4475 est,
492 4408 521 4462 et
543 4402 653 4464 iterum
666 4402 750 4467 x18:
772 4407 864 4484 sepiae
886 4407 918 4464 ιἰο
938 4405 1018 4465 muri
1035 4404 1184 4480 scopulosis
1205 4402 1251 4461 ω’-
