2902 5040
572 313 793 414 ..gy„

108 494 268 560 tractatum
291 497 495 577 detegeremus
518 495 600 556 cuius
623 495 684 574 ipsa
709 493 921 555 sententiarum
946 492 1142 554 conformatio
1165 502 1254 573 atque

109 597 173 677 ipsa
188 597 269 660 haud
283 614 351 658 raro
372 595 460 658 etiam
484 595 571 655 verba
593 603 705 656 seruata
720 594 847 655 fideliter
867 611 931 654 esse
948 592 1132 653 videbantur.
1165 593 1256 655 Stilus

109 697 221 778 ubique
250 697 331 758 idem
359 713 449 776 quem
475 694 595 765 dicunt,
626 693 706 754 idem
737 692 848 773 ubique
875 690 1041 754 consilium.
1087 691 1165 752 Num
1188 693 1257 772 quis

109 795 199 857 fuerit
219 795 298 856 scire
321 795 404 856 cordi
426 794 479 856 tibi
503 793 542 855 sit
562 794 673 854 nescio.
712 793 798 853 Certe
820 792 949 854 eundem
972 791 1020 852 hie
1042 790 1100 851 illic
1120 790 1257 854 helianus

110 910 230 973 quoque
252 902 371 954 secutus
395 903 440 953 est
455 910 553 972 neque
577 910 645 954 casu
660 890 800 953 helianus
824 898 852 950 et
869 890 1036 952 enthierum
1060 897 1089 951 et
1105 906 1256 951 scarorum

109 990 302 1052 humanitatis
325 990 457 1070 exempla
480 991 633 1051 —modo
655 991 699 1052 ies
722 991 761 1052 sit
782 989 911 1050 humana
927 990 963 1050 de
978 989 1110 1069 piscibus
1134 1023 1173 1032 -
1197 1007 1257 1052 uno

111 1088 207 1169 capite
229 1090 399 1169 complexus
424 1098 469 1150 est
484 1090 528 1150 14
552 1097 580 1150 et
596 1088 631 1150 de
646 1089 736 1150 scaris
752 1088 872 1168 quidem
896 1089 973 1149 sieut
987 1088 1140 1168 Oppianus
1157 1090 1257 1152 omnia

109 1193 165 1254 tria
187 1191 345 1253 auxiliandi
363 1194 494 1271 exempla
518 1210 585 1254 cum
603 1192 662 1253 duo
680 1193 854 1255 Plutarchus
870 1191 985 1266 habeat,
1008 1210 1102 1253 unum
1119 1189 1259 1263 Ovidius3

112 1298 142 1354 at
167 1291 204 1352 de
232 1290 339 1352 authiis
362 1309 425 1351 rem
453 1290 565 1352 ibidem
594 1290 700 1351 misere
726 1290 893 1370 depravavit
915 1289 1068 1351 Aelianus:
1098 1306 1160 1350 non
1189 1291 1259 1350 ca'su

112 1391 201 1453 etiam
219 1388 256 1450 de
276 1407 400 1452 murena
423 1407 458 1450 ac
473 1390 554 1469 sepia
570 1389 725 1452 coniunxit
740 1390 859 1452 fabellas
873 1390 887 1449 1
902 1390 943 1452 33
960 1398 989 1451 et
1004 1390 1016 1450 l
1033 1390 1082 1451 34.
1112 1389 1175 1451 Iam
1192 1407 1259 1449 vero

79 1551 87 1565 ‚
112 1490 147 1551 ad
162 1492 373 1554 sententiolam
388 1493 508 1554 attende
523 1511 613 1572 qnam
635 1493 683 1554 ille
698 1492 796 1572 sepiae
817 1493 914 1554 fraudi
930 1493 1085 1555 adnexuit:
1106 1486 1260 1555 τοιοῦτόν

111 1615 145 1654 τι
174 1592 305 1677 καὶτῷ
334 1594 459 1672 Ateste
488 1596 589 1676 νέφος
619 1592 812 1675 περιβαλών
841 1590 992 1678 ἧπαιησο
1024 1587 1084 1658 οδν
1110 1587 1260 1671 Ἀχιλλέα

113 1681 132 1753 e‘
154 1687 337 1771 Ποσειδῶν,
361 1686 404 1766 oie
420 1687 560 1775 Ὁμφρος
582 1691 680 1770 λέγει.
725 1693 845 1755 Minime
873 1694 930 1755 hoc
952 1694 1065 1755 Aeliani
1087 1701 1153 1768 est;
1181 1691 1260 1752 idern

113 1789 192 1851 enim
226 1791 403 1853 Plutarchus
430 1792 564 1854 videlicet
605 1794 713 1872 legerat
747 1793 796 1872 qui
829 1793 894 1872 ipse
921 1812 1041 1873 queque
1076 1792 1112 1853 ad
1148 1789 1261 1870 sepiam

112 1887 331 1952 fraudulentam
354 1890 458 1951 adicit:
482 1886 731 1973 ἇπομιμουνένη
754 1889 831 1962 τοὺς
847 1886 989 1973 Ὁμήρου
1012 1888 1114 1962 θεοὺς
1140 1888 1259 1968 κυανέῃ

112 1984 233 2068 νεφέλῃ
262 1984 422 2061 πολλάκις
454 1984 509 2060 οὓς
540 1985 582 2050 eir
609 1989 715 2050 σῷσαι
742 1985 893 2051 θέλωσιν
914 1984 1179 2071 ὑφαιρουμένους
1205 1984 1261 2048 καὶ

114 2082 379 2158 διακλέπτοντας.
431 2087 533 2166 ltaque
568 2096 720 2148 auctorem
756 2105 947 2148 communem
981 2087 1022 2148 illi
1051 2104 1114 2147 non
1141 2091 1261 2165 poetam

113 2184 165 2244 sed
181 2201 286 2264 prosae
308 2185 451 2246 orationis
474 2185 649 2265 scriptorem
672 2185 766 2246 secuti
789 2193 869 2260 sunt,
892 2186 942 2265 qui
959 2185 1081 2247 Homeri
1103 2193 1133 2246 'et
1158 2191 1260 2265 poeta·

113 2301 181 2344 rum
203 2282 290 2345 verba
306 2284 391 2345 docto
415 2284 551 2345 attulerat
574 2284 660 2345 sicuti
675 2302 764 2364 supra
786 2285 821 2346 ad
839 2285 979 2366 polypum
1002 2284 1117 2345 adferre
1140 2301 1209 2344 eum
1232 2289 1263 2342 et

113 2379 276 2441 Pindarum
299 2380 426 2442 vidimus
449 2389 478 2442 et
494 2381 704 2460 Theognidem.
750 2385 846 2463 Atque
868 2383 1031 2463 requirenti
1047 2382 1120 2444 mihi
1143 2380 1263 2462 aliquod

114 2477 146 2539 in
163 2468 337 2540 Plutarcheo
352 2479 427 2541 libro
443 2484 561 2558 praeter
576 2480 765 2542 Aristotelem
782 2480 909 2543 auctoris
925 2498 1035 2543 nomeu
1050 2480 1098 2543 hic
1113 2480 1195 2541 locus
1212 2499 1263 2541 oe·

117 2577 209 2638 currit
232 2596 290 2661 quo
313 2597 383 2640 sane
398 2578 558 2658 praeterito
583 2578 655 2639 mire
676 2598 779 2640 socors
800 2579 943 2662 dicendus
966 2599 1079 2654 essem3
1102 2588 1261 2660 postquam

115 2675 198 2737 enim
213 2675 340 2755 piscium
357 2695 464 2754 genera
487 2675 659 2757 saepissime
683 2677 853 2738 catervatim
876 2678 972 2740 vivere
987 2677 1164 2739 Plutarchus
1180 2676 1262 2750 dixit,

116 2774 212 2854 pergit
227 2779 263 2854 'p.
280 2772 341 2836 980
357 2775 396 2834 A:
429 2768 513 2837 ἀλλὰ
541 2772 668 2855 μᾶλλον
697 2772 755 2836 ἐπὶ
784 2772 842 2849 τὰς
870 2770 941 2837 κατ’
972 2773 1063 2837 ίδίαν
1089 2776 1264 2846 κοινωνίας

115 2867 223 2935 αὐτῶν
252 2872 309 2933 καὶ
339 2866 543 2954 συμβιώσεις
574 2873 671 2936 ίιέον.
723 2865 768 2936 ὦν
797 2874 867 2937 ἐστι
903 2872 959 2935 καὶ
989 2871 1007 2937 ὁ
1036 2869 1073 2934 κδ
1104 2870 1264 2936 πλείστου

116 2967 329 3043 ἐξαναλώσας
350 2972 556 3053 Χρυσίππου
582 2967 685 3053 μέλαν
713 2968 894 3055 πινοιήρας
920 2971 1022 3035 παντὶ
1049 2968 1104 3032 καὶ
1132 2969 1264 3053 φυσικῷ

117 3065 238 3155 βιβλίῳ
268 3068 324 3130 καὶ
353 3065 466 3153 ἠθικῷ
496 3068 679 3153 προεδρίαν
709 3067 805 3148 ἔχων·
847 3068 906 3133 adv
939 3069 1002 3153 γὰρ
1033 3064 1264 3151 σπογγοτήραν

118 3160 381 3253 οὐχ’ἳσυόρηκεν·
413 3163 534 3249 οὐγὰρ
555 3164 811 3251 δνπαρέλιπεν.
855 3168 998 3230 Suhnasoi
1023 3166 1150 3247 suspicio
1172 3165 1265 3246 possit

116 3262 262 3345 ‘scriptum
297 3266 387 3328 luisse
421 3266 480 3329 τοῦ
514 3265 615 3329 παντὶ
651 3267 707 3328 καὶ
742 3266 872 3350 φυσικῷ
907 3264 1027 3348 βιβλίῳ
1063 3265 1119 3327 καὶ
1153 3259 1265 3348 ἠθικῷ

117 3353 303 3445 προεδρίαν
318 3361 461 3442 ἔχοντος,
479 3365 614 3427 audiebat
629 3364 709 3426 enim
724 3363 903 3443 Chrysippus
925 3359 944 3425 ὁ
959 3359 1062 3435 ὄντως
1078 3359 1265 3446 φιλόσοφος

121 3459 176 3522 καί
205 3462 281 3544 περὶ
309 3457 409 3526 πάντ’
437 3458 533 3546 ἆνήρ;
560 3465 611 3525 sed
637 3463 669 3524 in
695 3462 745 3524 tali
771 3462 899 3524 lectione
920 3481 1018 3542 neque
1043 3462 1265 3541 intellegeretur

120 3576 173 3621 cur
188 3557 308 3637 λογικοὶ
326 3561 507 3623 omittuntur
528 3559 645 3642 βιβλία
667 3569 697 3623 et
719 3560 793 3622 adici
808 3561 1008 3640 postularetur
1022 3560 1087 3622 τῶν
1102 3559 1265 3622 Στωϊκῶν.

118 3657 221 3739 ltaque
256 3659 497 3739 adstipulandum
535 3661 659 3722 omuino
694 3659 919 3740 Wyttenbachio
956 3668 1002 3722 est
1038 3659 1197 3738 corrigenti
1231 3655 1266 3720 ἓν

119 3757 220 3819 παντί
233 3771 241 3819 .·
254 3802 262 3819 .
275 3802 302 3819 ..
325 3755 416 3836 ἔχων.
462 3752 640 3821 Primarium
662 3776 770 3837 nempe
795 3758 895 3820 locum
921 3757 1064 3838 pisciculo
1086 3758 1266 3838 Chrysippus

118 3856 179 3917 nisi
191 3857 225 3918 in
239 3846 368 3937 physicis
383 3856 547 3938 ethicisque
569 3858 651 3919 libris
675 3875 737 3918 non
752 3856 839 3918 dabat
859 3856 927 3937 quia
944 3849 1114 3933 οδλογικὰ
1135 3855 1266 3936 quaestio

120 3955 157 4016 de
187 3943 290 4018 anima'
314 3956 508 4038 moribusque
538 3957 709 4019 animalium
739 3975 802 4018 non
822 3952 1008 4035 pertinebat.
1050 3954 1127 4028 Quid
1155 3951 1267 4033 igitur?

120 4070 223 4116 nonne
246 4073 368 4134 prorsus
390 4055 516 4116 absurde
542 4055 737 4135 philosophus
763 4054 841 4115 inter
867 4071 915 4115 res
942 4070 1047 4114 omnes
1074 4064 1267 4133 quascunque

120 4159 261 4214 tractaret
290 4160 379 4233 atque
394 4153 539 4216 universi
570 4153 674 4215 muudi
706 4153 864 4231 pinoterae
890 4153 989 4212 locum
1019 4141 1091 4212 dare
1119 4150 1268 4213 diceretur

120 4246 319 4329 primarium?
361 4250 439 4330 Ergo
466 4270 565 4313 mores
591 4251 840 4330 prudentiamque
866 4250 953 4312 etiam
984 4250 1110 4311 aliorum
1136 4249 1184 4310 ille
1217 4259 1268 4312 aut

120 4348 247 4429 piscium
285 4356 337 4411 aut
365 4350 538 4412 animalium
567 4360 645 4412 certe
675 4350 877 4431 descripserat.
933 4349 1047 4411 Eodem
1076 4348 1157 4410 ducit
1186 4349 1268 4428 quod

121 4447 285 4530 plurimum
314 4467 422 4529 operae
454 4447 507 4530 (ad
537 4447 697 4512 nisteron
725 4445 843 4532 μέλαν)
875 4450 990 4512 dedisse
1019 4464 1089 4510 eum
1119 4447 1188 4511 braic
1217 4447 1269 4510 uni

1075 4549 1109 4604 6*
