2902 5040
639 289 883 355 -156-

191 466 279 527 etiam
310 473 415 546 poetae
444 465 559 527 cuidam
590 466 721 528 eiusdem
758 467 820 528 lere
853 467 959 528 aetatis
986 466 1132 546 placuisse
1162 466 1334 539 ostendam

192 583 261 626 nam
295 565 326 625 in
349 563 458 626 Nucis
485 565 575 645 elegia
601 566 685 628 ouius
708 565 906 628 emendationi
929 574 1048 646 tempus
1072 563 1205 627 debitum
1228 582 1336 628 nemo-

192 664 262 725 dum
286 663 457 743 impendere
479 664 588 727 vacavit
610 684 677 727 cum
702 665 944 746 corruptissimus
966 683 1068 727 versus
1091 665 1131 725 sit
1145 662 1200 723 95:

292 787 413 848 Lamina
437 787 531 849 mollis
553 787 649 850 adbuc
672 789 855 852 tenetosin
878 789 962 863 lacte,
986 788 1065 869 quod
1087 788 1166 849 intro
1187 796 1233 849 est

191 931 289 994 neque
312 914 473 993 quidquam
497 914 576 994 quod
599 915 657 975 reri
682 927 712 977 et
735 915 855 995 ingenui
877 916 972 978 simila
999 915 1080 977 dicas
1103 913 1260 976 doctorum
1284 930 1336 972 sa-

190 1013 300 1093 gacitas
322 1011 477 1090 indagant,
514 1012 591 1074 bauo
623 1013 695 1075 mihi
717 1013 911 1094 scriptionem
936 1031 1042 1076 sensus
1065 1030 1201 1075 summus
1223 1010 1336 1089 ubique

191 1119 295 1175 auctor
317 1110 463 1173 obtrudit:
1260 1109 1262 1115 ’

292 1224 328 1283 llt
351 1223 424 1285 mibi
447 1231 578 1286 maturos
601 1241 753 1306 nunquam
776 1224 843 1286 licet
866 1224 953 1286 edere
975 1225 1088 1285 foetus:

334 1323 409 1385 Ante
433 1322 569 1403 diemque
591 1343 673 1401 meae
696 1323 888 1386 decutiuntur
911 1342 991 1404 opes.

292 1420 414 1485 Lamina
437 1421 533 1484 mollis
556 1424 652 1486 adhuc
673 1423 838 1485 ostendit
858 1423 934 1485 lacte
958 1420 1037 1502 quod
1061 1419 1142 1481 intro
1164 1425 1211 1480 est

334 1520 501 1582 Frondibus
524 1529 554 1582 et
576 1521 687 1584 teneris
710 1539 771 1584 nou
794 1521 893 1584 minus
916 1520 979 1601 ipsa
1002 1519 1090 1583 viret:

292 1617 353 1679 lam
378 1627 478 1681 tamen
500 1620 633 1682 invenias
656 1621 707 1699 qui
730 1638 777 1681 me
798 1620 964 1682 iaculentur
979 1636 1039 1698 eqs.

193 1717 310 1791 Scilicet
341 1750 394 1810 pro
429 1750 464 1793 eo
498 1750 586 1794 versu
619 1733 669 1811 qui
702 1732 778 1794 solet
809 1733 924 1812 placere
950 1739 1019 1812 post
1040 1749 1065 1791 r.
1082 1728 1128 1803 95,
1145 1724 1284 1801 futtiliter
1304 1742 1339 1787 ac

192 1845 286 1908 paene
308 1829 428 1894 ridicule
452 1829 647 1912 interpolato:

336 1942 396 2003 Nec
419 1945 493 2005 mala
517 1952 588 2006 sunt
610 1943 662 2005 ulli
685 1951 787 2006 nostra
810 1941 914 2004 futura
933 1941 1012 2004 bono

193 2052 332 2115 vicarium
347 2073 402 2134 pro
425 2055 563 2117 facultate
587 2064 687 2118 nostm
710 2064 812 2136 aptum
835 2053 1010 2116 substruere
1033 2049 1130 2114 conati
1153 2065 1267 2109 sumus.

278 2153 373 2231 Atque
406 2153 464 2213 iam
487 2153 564 2215 Plini
587 2154 725 2216 manibus
746 2162 895 2216 versatum
917 2150 1105 2214 Aristotelem
1128 2148 1250 2210 latinum
1274 2162 1340 2205 esse

194 2258 429 2312 consentaneum
460 2251 506 2314 sit.
551 2253 656 2314 Nescio
679 2262 776 2315 autem
801 2271 873 2314 uum
900 2251 1045 2330 explicare
1072 2248 1227 2310 inderem
1252 2244 1339 2304 liceat

194 2349 373 2429 stupendam
400 2350 462 2411 lere
495 2359 524 2412 et
556 2351 639 2412 cuius
662 2371 677 2413 a
699 2368 772 2414 sano
795 2369 914 2431 quoque
936 2347 1042 2429 aliquis
1069 2345 1228 2425 explicatus
1262 2339 1338 2420 exigi

194 2446 309 2508 debeat.
353 2448 457 2508 Risum
480 2449 612 2510 contine:
641 2449 755 2512 Plinius
772 2450 833 2512 Vlll
849 2449 890 2511 40
912 2448 1058 2509 bonarum
1087 2445 1119 2506 in
1140 2443 1208 2522 luga
1230 2440 1337 2501 timum

194 2544 317 2605 reddere
339 2546 452 2607 iocatur
473 2547 585 2608 trium
610 2548 783 2627 iugerum
811 2545 1070 2626 longitudine:
1094 2542 1145 2605 sed
1167 2538 1338 2601 Aristoteles

195 2642 306 2722 optime
328 2662 357 2723 p.
373 2644 435 2706 630
451 2645 474 2705 Β
490 2644 525 2707 8:
560 2641 718 2727 ἀμύνεται
745 2644 783 2709 δὲ
807 2642 969 2717 λακτίζων
998 2641 1054 2705 καὶ
1077 2634 1339 2724 προςαφοδεύων

195 2738 251 2802 καὶ
292 2739 351 2814 εἰς
386 2743 580 2826 τέτταρας
615 2737 784 2827 ὀργυιὰς
821 2739 881 2828 ἀφ’
906 2740 1024 2806 ἑαυτοῦ
1050 2738 1187 2824 ῥίπτων.
1235 2736 1339 2815 ltaque

195 2841 275 2902 unde
306 2841 417 2903 iactum
451 2843 490 2904 sit
526 2846 665 2923 speculor
686 2853 720 2906 ut
752 2862 813 2906 non
847 2844 944 2906 solum
973 2849 1053 2902 tres
1079 2844 1262 2919 ponerentur
1283 2852 1338 2914 pro

195 2947 391 3019 quattuor,
425 2942 476 3003 sed
511 2942 598 3003 etiam
632 2961 686 3022 pro
721 2941 896 3022 passibus
932 2940 978 3002 vel
1011 2936 1111 3001 ulnis
1147 2934 1249 3013 (ulnae
1282 2949 1338 3011 pro

195 3038 302 3118 orgpiis
324 3039 436 3120 positae
455 3039 531 3102 Plin.
547 3038 610 3102 XVl
625 3038 686 3102 202
703 3049 733 3101 et
750 3038 823 3115 133)
846 3040 892 3101 vel
913 3058 967 3119 pro
984 3053 1124 3100 mensura
1139 3031 1227 3095 simili
1242 3048 1339 3111 pone-

194 3145 301 3199 rentur
322 3138 450 3216 iugera
473 3139 597 3201 omnino
612 3158 646 3202 ea
668 3159 684 3201 a
707 3138 938 3219 longitudinibus
954 3132 1143 3215 designandis
1158 3132 1253 3193 aliena
1268 3127 1339 3207 (nisi

196 3237 275 3316 quod
298 3238 389 3298 semel
411 3242 633 3319 sesquituperum
656 3238 695 3302 ita
718 3239 794 3318 apud
811 3238 940 3299 Plinium
957 3235 1079 3315 legimus
1094 3241 1128 3295 ut
1150 3228 1338 3292 latitudinem

195 3335 330 3414 designet
349 3336 386 3397 IV
406 3336 469 3413 31),
504 3355 562 3417 quo
597 3354 698 3399 errore
731 3345 760 3398 et
793 3336 855 3416 ipsa
887 3337 935 3398 illa
968 3333 1072 3397 bonasi
1095 3331 1186 3392 virtus
1208 3327 1339 3389 immane

196 3441 342 3512 quantum
376 3431 589 3514 exaggeratur?
633 3435 844 3515 inscriptum
869 3434 937 3496 olim
972 3450 1074 3513 graece
1101 3425 1156 3489 καὶ
1187 3424 1234 3500 εἷς
1252 3428 1340 3506 ,τρία

196 3528 449 3613 adspersisse
472 3532 609 3612 cuiquam
624 3530 875 3613 persuadebitur?
899 3532 977 3606 Quid
999 3526 1091 3592 vero?
1114 3527 1192 3608 apud
1208 3527 1339 3605 Trogum

195 3629 340 3709 seriptum
364 3630 455 3692 luisse
475 3632 538 3693 fere
560 3633 603 3694 sic
622 3650 791 3694 sumamus:
815 3631 943 3713 defendit
963 3648 992 3693 se
1012 3633 1052 3691 ita
1073 3639 1105 3691 ut
1125 3636 1233 3688 cerem
1253 3640 1339 3685 auum

195 3729 297 3791 reddat
317 3740 343 3790 et
364 3741 519 3809 quaternas
531 3748 583 3811 per
597 3735 713 3810 argutos
734 3730 815 3812 image
835 3731 992 3793 iaculetur:
1015 3728 1100 3790 solita
1116 3724 1230 3787 Plinius
1252 3721 1338 3784 festi·

196 3827 316 3890 natione
337 3847 434 3909 neque
454 3831 566 3909 graecis
588 3829 764 3893 lectionibus
785 3830 876 3892 nimis
897 3829 1040 3891 adsuetus
1061 3827 1159 3905 legere
1180 3821 1236 3885 sibi
1258 3820 1340 3882 ride-

196 3926 300 3988 batur:
331 3939 364 3989 ut
395 3939 502 3990 durus
533 3948 618 3991 suum
650 3930 751 3991 reddat
784 3940 867 4011 atque
899 3940 982 3991 ternu
1000 3944 1053 4008 per
1073 3929 1172 4003 iugero
1197 3919 1340 3982 iaculetur

198 4024 258 4099 (bio
278 4024 326 4087 ille
348 4043 433 4086 error
447 4046 507 4106 quo
529 4028 559 4090 in
576 4028 705 4091 llomero
720 4028 810 4091 latino
825 4048 851 4090 v.
871 4025 936 4090 1814
947 4027 1035 4089 etiam
1050 4022 1202 4103 longoque
1215 4018 1340 4088 terdenis

196 4123 335 4186 scribitur
356 4143 410 4205 pro
432 4124 529 4206 longa
550 4129 753 4208 quaterdenis).
799 4128 942 4191 Audacior
971 4125 1141 4189 coniectura
1163 4119 1215 4182 sed
1236 4126 1339 4179 tamen

197 4240 255 4301 qua
276 4223 356 4285 credi
379 4224 561 4288 incredibilia
584 4228 749 4308 prohibeas.
812 4213 815 4217 ⁴

283 4321 426 4403 Superest
434 4323 521 4405 Trogi
539 4325 620 4389 locus
637 4329 713 4409 apud
727 4327 854 4390 Plinium
866 4326 916 4390 llll
928 4324 968 4388 33
986 4324 1098 4403 dequo
1116 4317 1204 4381 rerba
1216 4314 1337 4379 fecerim

197 4427 227 4481 et
246 4425 369 4503 propter
382 4441 445 4485 rem
462 4432 492 4488 et
506 4433 540 4488 ut
554 4445 643 4505 quam
659 4427 755 4489 mutili
772 4424 933 4488 Aristotelis
949 4423 1016 4485 libri
1031 4420 1166 4511 legantur
1181 4416 1335 4479 illustrem.
