2902 5040
694 297 911 361 „48-

374 475 439 535 Non
463 482 576 535 veteres
600 473 725 548 Thebas,
750 491 805 534 nec
828 473 970 552 Pergama
994 491 1106 535 nomen
1129 473 1250 535 Homeri

415 573 519 634 Xerxis
543 580 573 634 et
594 573 720 652 imperio
743 572 813 634 bina
837 573 932 634 coisse
955 573 1037 641 vada,

230 708 276 769 vix
298 726 368 768 casu
391 707 496 767 similia
520 706 673 768 coniunxit
695 706 801 768 Culicis
826 713 912 785 poeta
936 727 962 767 v.
979 706 1037 767 27:

372 832 470 892 Triste
492 831 567 892 lovis
590 831 756 911 Rboetique
780 833 859 893 canit
881 851 943 899 nou
965 833 1070 913 pagina
1093 833 1214 907 bellum,

373 930 496 1009 Phlegra
518 930 660 1008 Giganteo
683 949 783 1010 sparsa
808 939 853 992 est
876 950 934 1012 quo
957 932 1099 1012 sanguine
1123 933 1218 1003 tellus,

372 1029 432 1091 Nec
456 1028 637 1090 Centaureos
661 1029 800 1109 Lapithas
825 1050 886 1110 eqs

372 1127 433 1188 Nec
455 1128 606 1206 perfossus
628 1128 721 1189 Athos
744 1148 798 1190 nec
821 1147 931 1208 magno
955 1129 1069 1190 vincula
1092 1136 1185 1208 ponto

372 1226 449 1287 lacta
468 1245 535 1287 meo
560 1238 703 1306 quaerent
724 1228 782 1289 iam
806 1248 870 1290 sera
890 1229 1040 1290 volumine
1061 1229 1171 1291 famam
1268 1269 1271 1276 -

229 1361 260 1414 et
279 1372 353 1435 quae
375 1361 550 1433 sequuntur.
590 1353 671 1425 Quae
693 1364 848 1433 exceperat
871 1373 971 1417 versus
992 1354 1031 1416 35
1053 1357 1133 1416 hunc
1155 1353 1187 1414 in
1210 1353 1351 1413 modum:

371 1478 469 1539 Mollia
493 1478 543 1538 sed
567 1478 651 1539 tenui
675 1479 750 1558 pede
772 1480 892 1553 currite,
914 1479 1053 1541 carmina.
1098 1481 1207 1541 Versus

373 1577 488 1637 Viribus
511 1585 578 1655 apta
601 1576 662 1637 suis
685 1577 804 1639 Phoebo
829 1580 903 1640 duce
925 1579 1026 1640 ludere
1048 1580 1171 1657 gaudem

230 1718 266 1778 de
289 1735 347 1796 quo
369 1718 433 1778 loco
451 1716 596 1796 disputavi
612 1717 630 1776 l.
646 1718 664 1777 l.
680 1736 709 1797 p.
728 1717 775 1778 17.
813 1718 874 1780 lam
898 1718 948 1798 qui
971 1738 1035 1779 rem
1051 1716 1180 1797 probent
1193 1714 1373 1794 probaturos

230 1817 318 1878 etiam
340 1816 498 1878 lectionem
522 1835 585 1876 esse
609 1835 705 1896 spero.

313 1915 394 1976 ldem
417 1933 491 1976 uum
514 1913 603 1976 etiam
618 1914 817 1978 Erichthonius
839 1915 982 1976 adiectivo
999 1934 1023 1974 v.
1041 1913 1102 1975 336
1126 1913 1169 1974 uti
1184 1932 1199 1974 a
1216 1911 1373 1993 Propertio

229 2013 295 2087 116,
309 2013 328 2073 4
345 2009 506 2075 didicerat?
532 2013 656 2093 Ambigo
673 2014 761 2075 etiam
779 2014 815 2075 de
830 2034 854 2074 v.
870 2013 942 2075 245.
964 2013 1107 2074 Facienda
1123 2012 1290 2074 coniectura
1307 2011 1374 2085 erit,

228 2111 316 2172 simul
328 2118 428 2172 tamen
440 2132 486 2173 res
499 2110 552 2173 alia
566 2113 718 2174 tractanda
731 2132 824 2192 eaque
836 2113 1016 2192 gravissima.
1036 2111 1156 2172 lnitium
1170 2111 1256 2172 faciat
1267 2109 1373 2171 Culicis

228 2229 330 2271 versus
347 2209 417 2272 400,
452 2211 605 2272 Pastorem
619 2211 668 2272 hic
683 2211 807 2291 legimus
823 2210 973 2273 tumulum
987 2229 1076 2290 quem
1089 2210 1178 2270 modo
1194 2206 1374 2271 exstruxerit

229 2327 429 2370 conserere
454 2310 491 2386 (v.
513 2306 587 2384 398)
619 2309 742 2371 lloribus
769 2309 924 2390 plurimis3
951 2309 1086 2389 sequitur
1109 2309 1215 2368 llorum
1239 2307 1374 2386 ipsorum

229 2409 376 2486 catalogus
399 2408 484 2488 isque
507 2407 693 2469 concluditur
721 2408 818 2468 verbis
844 2408 1074 2468 insolentissime
1103 2406 1221 2485 scriptis
1243 2425 1269 2466 v.
1294 2406 1372 2466 411:

228 2507 271 2568 bis
294 2505 421 2566 tumulus
444 2524 530 2584 snper
552 2509 690 2567 inseretur
707 2503 749 2585 (l).
794 2505 869 2579 Quia
892 2512 992 2567 autem
1016 2513 1159 2567 seruntur
1180 2505 1282 2577 liores,
1312 2521 1375 2564 non

229 2623 360 2665 crescere
383 2603 440 2664 dici
461 2603 480 2664 ii
503 2612 631 2683 possunt
645 2604 697 2664 sed
712 2607 776 2665 lore
790 2604 888 2685 potius
911 2605 960 2666 ubi
984 2611 1130 2677 crescant;
1153 2622 1244 2683 quare
1258 2591 1292 2663 ‘v.
1310 2599 1373 2663 399

228 2723 295 2764 cum
319 2703 354 2764 ad
378 2713 502 2764 crescent
523 2704 643 2771 accedat
664 2703 741 2765 varia
764 2703 850 2765 lectio
873 2708 970 2766 crescit
992 2703 1134 2782 scriptum
1158 2710 1257 2764 tamen
1280 2701 1374 2762 luisse

229 2821 292 2863 non
314 2808 412 2881 potest
434 2801 490 2862 nisi
513 2814 623 2864 crescet.
670 2802 730 2862 lam
754 2821 780 2862 v.
803 2801 864 2863 400
889 2802 923 2864 ad
952 2802 1110 2864 acanthum
1139 2809 1169 2861 et
1197 2805 1297 2862 rosam
1320 2800 1373 2861 ad-

228 2901 308 2962 ditur
340 2900 489 2962 decretae
511 2920 592 2962 omne
623 2920 727 2981 penos,
762 2909 929 2981 sequuntur
952 2900 1074 2974 nomina
1096 2899 1159 2960 aha.
1206 2899 1279 2961 lllud
1304 2917 1374 2959 vero

230 2999 300 3080 quid
325 2999 364 3059 sit
386 3007 571 3078 reputemus.
616 2998 725 3061 Totum
755 3018 849 3079 genus
876 2999 1019 3060 violarum
1049 2988 1195 3079 quotquot
1222 2998 1254 3058 in
1285 2997 1374 3059 terris

230 3106 301 3159 suut
323 3097 481 3176 significari
501 3097 627 3160 infacete
654 3107 796 3159 sumatur.
834 3097 993 3178 Reliquum
1017 3106 1116 3159 estut
1140 3096 1238 3158 omnia
1265 3114 1374 3176 genera

229 3196 321 3257 violae
349 3195 425 3257 dicta
448 3206 604 3275 putemus;
632 3198 683 3258 sed
713 3198 804 3258 multa
831 3197 896 3258 eius
925 3196 1048 3257 omnino
1077 3213 1139 3256 non
1166 3202 1237 3257 sunt
1255 3213 1374 3274 genera,

228 3312 325 3376 neque
341 3294 417 3355 varia
432 3305 537 3374 poetae
553 3296 583 3356 hi
598 3295 780 3374 distinguere
796 3294 913 3356 violaria
930 3295 1094 3356 didicerant
1114 3293 1171 3354 nisi
1186 3295 1265 3374 quod
1283 3293 1374 3354 modo

228 3392 310 3472 nigra
322 3391 413 3470 magis
426 3392 515 3453 modo
524 3392 661 3472 pallentia
674 3393 855 3473 praedicant.
878 3392 998 3454 Accedit
1012 3393 1092 3473 quod
1105 3392 1135 3453 iu
1148 3399 1211 3453 toto
1224 3392 1280 3453 boc
1292 3399 1374 3453 cata-

228 3490 294 3568 logo
307 3490 479 3551 observatur
491 3491 650 3552 herbarum
668 3491 839 3552 nominibus
852 3491 1026 3552 adiectivum
1044 3499 1095 3551 aut
1106 3490 1220 3552 nullum
1234 3489 1308 3551 adici
1322 3496 1375 3551 aut

228 3587 287 3648 tale
310 3607 368 3667 quo
391 3595 497 3650 natura
521 3589 608 3650 unius
637 3590 782 3669 cuiusque
810 3599 878 3669 apte
907 3590 1085 3662 illustretur;
1114 3588 1215 3668 itaque
1245 3586 1319 3649 viola
1349 3587 1374 3648 si

229 3686 352 3746 omnino
376 3685 499 3747 dicenda
522 3688 614 3749 odora
641 3688 697 3748 luit
719 3689 764 3749 vel
790 3688 921 3750 humilis.
967 3687 1155 3766 Quapropter
1177 3687 1250 3747 haec
1272 3687 1374 3766 potius

228 3793 333 3866 poetae
356 3783 443 3845 verba
466 3785 559 3846 fuisse
582 3786 706 3847 debent:
1087 3772 1100 3793 ”

858 3885 910 3945 llic
933 3892 963 3944 et
985 3882 1128 3944 acanthus

329 3981 366 4042 Et
387 4000 455 4042 rosa
478 4000 662 4062 purpureum
686 3991 797 4045 crescet
819 3982 992 4063 pudibunda
1014 3982 1155 4043 ruborem

327 4079 364 4140 Et
387 4079 523 4140 viola-
545 4097 633 4140 omne
656 4079 763 4159 genus!
785 4117 827 4126 -
850 4081 898 4142 hic
919 4089 1032 4142 crescet
1055 4079 1187 4160 Spartica
1207 4085 1327 4159 ‘myrtus

329 4181 425 4257 Atque
447 4177 622 4256 hyacinthus
647 4187 676 4239 et
698 4177 746 4239 hic
767 4178 848 4241 Cilici
870 4197 973 4262 crocus
996 4179 1094 4239 editus
1116 4197 1186 4239 arvo
1210 4196 1287 4257 eqs.;

229 4335 355 4396 quorum
394 4333 500 4377 sensus
532 4318 631 4378 fuerat
664 4318 821 4380 nimirum:
857 4320 1018 4393 „florum
1051 4319 1099 4379 hic
1132 4318 1231 4379 omnia
1264 4335 1374 4395 genera

229 4421 398 4489 crescent“‚
420 4414 599 4495 iniciturque
622 4434 704 4479 omne
724 4437 814 4498 penno
836 4427 870 4479 ut
891 4418 1048 4491 indicetur,
1071 4435 1124 4478 cur
1147 4424 1229 4477 tanta
1252 4423 1374 4496 tamque
