2902 5040
559 314 779 380 ..73-

83 492 169 555 locus
196 494 403 572 grammaticos
431 501 460 555 et
486 496 583 574 ipsum
601 494 737 555 Vossium
765 493 797 554 in
813 493 980 557 Aristarcho
1002 495 1046 556 ed.
1064 496 1232 558 l'oertschl

84 610 113 671 p.
130 591 195 655 508
215 592 362 671 permovit
385 600 417 653 ut
436 592 514 653 inter
535 593 657 673 pluralia
679 599 795 654 tantum
817 592 866 653 ilic
890 600 1044 672 ponerent,
1065 594 1149 655 hillas
1170 612 1232 656 non

84 695 256 770 ponerent).
294 691 422 770 Recepta
437 697 535 752 autem
557 691 612 753 hac
632 692 801 753 coniectura
823 710 887 752 mea
911 691 968 753 iam
990 691 1021 752 in
1044 692 1090 753 illa
1112 712 1232 773 quoque

83 789 210 850 lectione
222 805 303 850 nunc
313 788 403 850 simul
416 788 584 868 recipienda
599 789 747 851 comitello
760 807 891 851 cruorem
902 809 955 851 cur
969 791 1099 868 positum
1116 792 1155 851 sit
1170 791 1231 865 illc,

85 887 165 967 quod
182 887 267 948 aliter
281 895 310 948 et
325 887 424 966 ipsum
441 888 512 948 satis
528 888 701 961 abundaret,
715 889 881 967 explicabis.
904 888 1037 969 lienique
1051 906 1165 950 vomere
1180 909 1229 951 ac-

85 984 272 1046 curatissime
285 984 455 1065 Oppianeae
470 986 590 1047 lectioni
605 987 765 1066 respondet
780 981 960 1068 ἆνήμεσαν,
977 988 1055 1066 quod
1070 1007 1104 1048 eo
1116 989 1232 1066 gravius

85 1093 130 1144 ost
144 1102 206 1164 qno
221 1084 339 1157 lalsins3
356 1091 436 1145 certe
450 1085 566 1147 liceotis
578 1084 679 1165 potius
695 1079 917 1146 ὀπισθοτίλαι
934 1085 1031 1164 sepiae
1047 1086 1232 1160 videbantur,

85 1184 121 1244 cl.
139 1182 265 1243 Strattin
285 1182 362 1262 opud
379 1183 564 1245 Athenaeum
581 1202 607 1262 p.
627 1181 738 1256 onim
759 1183 879 1262 Hesych.
896 1201 920 1243 s.
936 1202 979 1257 v.;
1000 1183 1085 1244 Pbot.
1103 1183 1174 1255 341,
1194 1184 1232 1245 18

85 1298 266 1361 quamquam
295 1289 493 1343 atramentum
523 1281 554 1343 in
586 1300 637 1342 cre
667 1281 776 1343 habere
805 1281 886 1361 sepia
917 1281 1023 1344 dicitur
1049 1283 1149 1344 Galen.
1177 1283 1231 1344 lex.

85 1378 227 1459 llippocr.
243 1396 273 1459 p.
289 1377 367 1454 5283
382 1379 506 1459 Hesych.
525 1399 548 1441 s.
566 1399 590 1439 v.
607 1381 728 1461 μνττίς.

171 1503 213 1565 lle
239 1503 348 1585 mugile
374 1505 452 1584 apud
479 1503 617 1566 Ovidium
644 1524 668 1566 v.
688 1505 742 1567 38:

158 1603 224 1664 ¹ht
249 1602 363 1683 mugil
390 1604 502 1665 cauda
528 1603 709 1683 pendentem
737 1604 934 1667 everberat
961 1623 1082 1666 escam

186 1702 463 1782 Excussamque
489 1701 590 1780 legit.

85 1825 239 1890 Praeclare
268 1828 370 1889 eadem
400 1827 574 1888 Plutarchus
605 1846 631 1907 p.
649 1827 742 1887 otto
757 1846 820 1908 sq.:
851 1824 1013 1900 πολλάκις
1043 1825 1080 1888 δὲ
1109 1826 1164 1889 καὶ
1194 1824 1231 1889 τὸ

83 1921 286 2009 στρογγύλον
314 1919 332 1986 ὁ
361 1923 549 2005 κεστρεύς
578 1920 777 1987 ὑποπτεύων
807 1924 841 1987 ἓν
864 1916 973 2008 κύκλῳ
1005 1924 1229 2008 περινήχεται,

83 2021 133 2106 τῇ
170 2017 273 2103 οὐρᾷ
305 2020 623 2105 περιρραπίζων
658 2023 700 2085 τὸ
738 2022 946 2104 ἐδώδιμον
978 2023 1045 2084 καὶ
1079 2021 1231 2086 ἀνακά-

84 2141 191 2182 πτων
205 2120 258 2198 (ita
275 2127 353 2181 recte
371 2121 625 2201 Wyttenbachius)
641 2121 682 2184 τὸ
699 2118 1045 2205 ἀποκρουόμενον.
1066 2123 1137 2184 Vide
1153 2123 1231 2185 enim

84 2219 173 2279 etiam
196 2219 229 2279 in
247 2218 394 2280 rhetorica
417 2237 451 2280 re
474 2221 669 2282 concordiam.
707 2221 844 2282 Strictius
868 2220 959 2282 latine
975 2221 1131 2282 dicendum
1148 2223 1232 2301 plane

83 2317 153 2378 fnit:
186 2317 328 2379 excutit
357 2337 455 2379 escam
486 2337 700 2398 excussumque
729 2319 809 2398 legit,
840 2320 964 2399 ideoque
994 2337 1112 2398 graece:
1145 2317 1232 2381 ἀπο-

84 2412 212 2496 κρούων
233 2413 270 2477 τδ
294 2411 461 2495 ἐδώδιμον
486 2416 542 2477 καὶ
569 2411 770 2479 ολνακοίπτων
796 2415 833 2479 τὸ
862 2408 1148 2499 ἄποκροούμενον;
1179 2418 1234 2480 hoc

83 2513 282 2589 concinnum3
299 2521 328 2577 at
342 2522 467 2596 uterque
482 2515 575 2577 larius
591 2515 756 2595 loquuntur
777 2525 811 2577 ut
826 2535 874 2577 res
897 2517 984 2577 variis
1004 2516 1151 2577 coloribus
1167 2517 1233 2577 dili·

84 2612 203 2690 gentius
229 2612 399 2675 illustretur.
446 2613 599 2692 Copiosior
626 2622 726 2675 autem
752 2614 929 2676 Plutarchus
956 2615 1006 2675 ubi
1032 2614 1165 2676 additur:
1194 2611 1235 2676 ἂν

84 2707 121 2771 δὲ
159 2711 204 2791 μή
223 2707 376 2793 δύνηται,
413 2707 563 2788 συνάγων
596 2711 633 2773 τὸ
670 2709 777 2793 στόμα
812 2711 868 2773 καὶ
899 2711 1110 2794 περιστείλας
1143 2722 1234 2784 τοῖς

82 2800 431 2890 χείλεσινὸίκροις
452 2801 675 2893 ἐπιψαύων
692 2807 915 2881 ἀποκνίζει
937 2808 1232 2886 τοῦδελέατος;

82 2906 195 2970 Eadem
220 2907 310 2969 etiam
332 2907 448 2987 cognita
472 2908 606 2988 Oppiano
624 2910 662 2970 lll
678 2909 740 2971 520
749 2927 833 2989 sqq:

821 2999 858 3067 ού
888 3000 967 3087 μάλ’
995 3002 1133 3087 ἑτοίμως

186 3101 298 3184 ψαῦσε
324 3102 435 3185 βορῆς,
464 3097 559 3190 οὐρῇ
585 3102 628 3166 δὲ
654 3103 787 3186 πάρος
813 3101 1016 3186 μάστιξεν
1042 3103 1212 3185 ἐγείρων

186 3192 426 3284 ἄγκιστρον,
452 3193 565 3283 μήπου
591 3224 641 3275 τις
668 3201 715 3264 ἕνλ
742 3206 820 3285 χροΐ
839 3197 974 3283 θέρμετ’
1002 3195 1112 3284 οἷύτμή

186 3299 287 3384 (ζωοῦ
311 3302 372 3386 γὰρ
398 3302 589 3386 κεστρεῦσιν
615 3296 792 3383 ἀπώμοτόν
816 3299 886 3362 ε’στι
914 3296 1123 3381 πάσασθαι).
1188 3297 1190 3302 ’

186 3399 286 3464 ἔνθεν
311 3397 418 3463 ἔπειτ’
445 3397 624 3482 ἄκροισι
651 3395 858 3472 διακνίζει
886 3391 1141 3480 στομάτεσσι

186 3497 311 3562 δαῖτα
337 3495 551 3582 περιξύων.
596 3487 711 3571 ἁλιεύς
737 3496 774 3559 δὲ
800 3493 866 3559 κτλ.
1049 3493 1051 3497 ⁴

84 3644 128 3705 hd
146 3639 310 3724 περιξύων
325 3643 480 3704 scholiasta
496 3633 713 3725 capadociae}
728 3648 908 3721 apparetque
920 3627 1098 3703 Graecorum
1115 3649 1234 3702 utrum-

84 3762 143 3822 que
158 3741 224 3820 ipsa
240 3741 366 3820 exempli
382 3742 520 3803 voeabula
536 3741 567 3800 in
582 3741 637 3801 hac
652 3740 815 3819 posteriore
830 3748 913 3819 parte
928 3738 992 3819 pari
1013 3740 1164 3819 diligentia
1185 3759 1233 3801 as-

85 3839 258 3919 sumpsisse.
304 3840 364 3900 Sed
394 3840 473 3901 enim
504 3840 539 3901 ad
572 3839 720 3900 Plutarchi
751 3837 840 3899 verba
872 3833 914 3899 διν
944 3834 982 3898 δὲ
1016 3836 1060 3920 μή
1095 3834 1233 3919 δύνηται

86 3937 138 4016 (sc.
157 3931 369 4018 ἀποκρούων)
392 3938 479 3999 etiam
500 3938 644 4000 rationem
664 3938 818 4017 Oppianus
841 3937 971 4016 aliquam
992 3937 1097 3998 inserit
1112 3956 1138 3996 v.
1156 3935 1232 3996 523:

86 4037 247 4116 nequire
277 4036 356 4097 enim
386 4032 527 4114 mugilem
557 4039 712 4098 comedere
743 4055 839 4098 escam
866 4036 891 4096 si
918 4036 996 4097 calor
1022 4035 1053 4095 in
1081 4054 1113 4096 ea
1140 4035 1178 4095 sit
1204 4042 1235 4095 et

86 4135 168 4197 drus
199 4134 316 4196 halitus,
371 4134 485 4195 Hocine
505 4135 591 4197 etiam
615 4135 790 4197 Plutarchus
809 4131 944 4214 legerat?
987 4134 1082 4195 lmmc
1112 4133 1234 4194 variavit

84 4251 148 4295 rem
170 4234 338 4313 Oppianus3
368 4251 466 4311 noque
492 4234 571 4294 enim
598 4234 656 4294 iam
683 4233 829 4294 sollertiae
856 4233 984 4311 piscium
1010 4232 1155 4292 hocloco
1181 4231 1233 4292 sed

86 4333 217 4393 rationes
243 4338 351 4393 tractat
377 4331 484 4412 quibus
509 4332 573 4410 capi
601 4333 729 4405 soleant3
754 4332 853 4410 itaque
880 4331 922 4392 sic
943 4330 1165 4393 transformavit
1189 4331 1233 4390 l-

86 4428 196 4502 bulam,
212 4438 255 4491 ut
273 4430 395 4492 hamum
421 4433 519 4510 ipsum
540 4430 766 4510 periculumque
786 4430 909 4492 subesse
936 4429 1059 4490 omnino
1082 4446 1145 4489 non
1164 4447 1233 4509 per-
