2902 5040
196 1527 330 1628 Ovidius
353 1573 399 1626 est
421 1566 456 1626 ad
480 1584 568 1645 quem
591 1565 704 1626 vocaris
720 1582 817 1644 neque
833 1565 1067 1626 tamenOvidius
1089 1573 1144 1626 est.
1190 1565 1249 1626 Res

103 1663 293 1727 admirabilis.
338 1664 461 1725 Scientia
485 1665 564 1725 onim
588 1663 773 1743 antiquitatis
800 1671 834 1724 ut
860 1663 963 1724 orbem
987 1683 1075 1725 suum
1105 1664 1250 1743 compleat

103 1763 265 1825 distentior
293 1763 327 1823 cd
364 1763 560 1823 remotissima
590 1764 648 1824 iarn
684 1771 824 1840 evagatur
862 1762 1088 1842 comprehendit
1118 1763 1248 1842 dispersa

104 1863 296 1940 insinuatque
319 1861 349 1921 in
372 1862 436 1939 ipsa
460 1870 555 1922 terrae
578 1862 704 1934 viscera3
728 1879 802 1940 quae
825 1879 895 1921 vcro
919 1862 968 1922 diu
992 1868 1158 1940 comparata
1178 1869 1251 1923 sunt

104 1963 262 2038 iacentque
293 1960 323 2020 in
351 1961 449 2021 medio
477 1961 569 2021 iacere
596 1961 771 2038 neglectiore
799 1960 938 2020 videntur
966 1967 994 2020 et
1023 1958 1125 2038 apiarii
1155 1959 1251 2020 nostri

104 2060 210 2139 apibus
231 2058 418 2138 paucioribus
442 2077 529 2120 curae
552 2078 615 2120 esse
639 2078 727 2139 quam
751 2057 836 2119 fucis.
880 2059 920 2118 lta
950 2065 1048 2118 autom
1070 2058 1180 2118 factum
1205 2065 1250 2119 est

103 2166 141 2218 ut
167 2157 274 2218 reverti
307 2157 457 2218 interdum
487 2159 523 2218 ad
554 2159 723 2219 communia
755 2165 843 2236 atque
877 2156 1002 2217 contrita
1030 2165 1059 2217 et
1088 2157 1190 2217 deceat
1220 2164 1253 2217 et

106 2257 261 2317 conducat.
305 2255 365 2334 Ego
392 2275 462 2316 vero
491 2274 558 2317 cum
587 2257 618 2317 in
642 2257 735 2318 bortis
759 2255 928 2316 cultissimis
950 2263 1105 2334 poetarum
1130 2254 1251 2316 Latino-

104 2373 173 2415 rum
208 2355 426 2415 deambularem
457 2355 532 2415 inter
561 2356 650 2415 flores
685 2355 811 2416 Nasonis
850 2354 924 2415 male
955 2354 1077 2414 horrere
1107 2354 1248 2415 carduum

107 2453 300 2514 animadverti
323 2486 364 2497 -
386 2471 450 2514 rem
474 2471 545 2514 sane
568 2453 780 2526 admirabilem,
803 2453 860 2513 nisi
883 2454 960 2513 forte
982 2452 1074 2513 fuisse
1097 2452 1145 2512 illc
1168 2452 1249 2512 vidc-

106 2553 189 2613 bitur
217 2551 253 2612 ad
277 2550 499 2630 exstirpandum
529 2551 684 2630 spinosior.
730 2552 826 2630 Atque
847 2551 907 2611 iam
931 2551 1072 2628 consequi
1096 2569 1150 2628 ego
1174 2569 1249 2630 opus

107 2650 239 2711 conabor
260 2649 468 2728 praeteritum3
502 2651 532 2710 in
554 2669 613 2730 quo
635 2658 737 2710 tamon
759 2668 884 2711 munere
907 2650 1075 2710 satisfacere
1099 2668 1146 2709 mo
1176 2649 1250 2709 scias

108 2767 172 2809 non
199 2748 294 2809 solum
322 2749 419 2808 studio
441 2747 503 2809 veri
525 2781 567 2792 -
590 2765 658 2809 nam
681 2748 826 2809 interesse
850 2747 959 2826 aliquid
983 2749 1062 2809 inter
1083 2749 1172 2808 flores
1194 2748 1251 2808 tri-

107 2846 196 2907 viales
220 2854 249 2906 et
271 2847 442 2907 hortensios
465 2846 549 2907 facile
572 2855 768 2924 cognoscetur
789 2881 843 2920 —,
866 2847 919 2907 sed
943 2847 1029 2906 etiam
1053 2845 1249 2923 indignationi

108 2963 193 3005 meac
220 2944 381 3023 pietatique
408 2944 568 3005 clarissimo
599 2945 717 3023 ingenio
741 2945 872 3016 debitae,
903 2945 1049 3024 siquidem
1073 2965 1088 3006 a
1112 2945 1252 3006 divinitus

108 3042 226 3122 scriptis
248 3042 367 3120 indigna
390 3042 497 3121 pellere
520 3043 666 3122 hodieque
689 3044 732 3103 fas
756 3052 811 3103 est.
857 3042 969 3102 Plinius
993 3042 1073 3102 enim
1095 3042 1250 3104 Secundus

107 3143 139 3202 in
163 3140 309 3201 Naturalis
327 3140 471 3202 Historiae
495 3140 570 3201 libro
586 3140 693 3201 xxxn
716 3141 862 3220 excerpsit
878 3140 961 3201 Ovidi
984 3149 1088 3219 poetae
1111 3142 1250 3202 volumen

108 3240 190 3319 quod
213 3238 392 3300 halieuticon
415 3239 632 3300 inscribebatur
653 3239 862 3317 ferebaturque
884 3239 1056 3300 incohatum
1078 3239 1114 3301 ab
1135 3258 1170 3300 eo
1187 3256 1252 3300 esse

108 3337 211 3398 Tomis
234 3338 381 3417 supremis
403 3337 480 3399 vitae
494 3338 679 3417 temporibus
696 3342 725 3412 (ᾗ
744 3338 779 3397 11
797 3346 827 3398 et
845 3337 933 3413 152);
955 3338 1035 3398 unde
1050 3345 1131 3399 recte
1148 3355 1252 3400 omnes

109 3438 294 3513 collegerunt
326 3454 388 3497 non
421 3437 588 3498 absolutum
623 3437 731 3497 librum
764 3437 855 3498 fuisse
889 3437 998 3516 quippe
1026 3422 1076 3517 qui
1105 3437 1254 3498 diceretur

108 3535 275 3596 incubatus.
328 3535 409 3606 Quae
443 3543 542 3596 autem
575 3535 606 3594 in
641 3536 752 3596 nostris
782 3535 866 3597 Ovidi
900 3535 1080 3597 editionibus
1113 3536 1254 3615 leguntur

109 3633 272 3695 Halieutice
295 3633 425 3713 primum
448 3651 518 3694 cura
540 3634 655 3713 Georgii
679 3634 751 3713 Logi
774 3654 852 3695 anuo
875 3634 956 3695 1534
980 3634 1058 3696 edita
1080 3651 1141 3694 non
1163 3635 1254 3696 alium

109 3731 221 3792 librum
251 3749 316 3792 osse
346 3740 435 3812 atque
463 3750 553 3812 quem
581 3732 693 3794 Plinius
717 3733 863 3812 excerpsit
886 3733 971 3794 facile
993 3733 1174 3793 intellectum
1199 3738 1253 3793 est.

109 3831 148 3890 Et
178 3830 296 3909 quidem
324 3829 372 3891 bic
399 3849 518 3910 quoque
548 3831 702 3909 fragminis
731 3833 826 3893 instar
857 3838 902 3892 est
932 3831 1125 3909 continetque
1152 3848 1254 3890 versus

110 3944 174 3988 non
197 3928 263 4007 plus
282 3927 352 3989 134.
391 3928 505 4001 Quibus
520 3937 621 3991 tamen
649 3930 681 3990 in
704 3932 816 4009 optimo
840 3929 940 3992 codice
965 3929 1182 3990 vindobonensi
1205 3928 1250 3989 iu·

111 4026 255 4105 scriptum
282 4026 382 4105 potius
409 4026 531 4106 legitur:
557 4046 656 4088 ocrem
673 4029 760 4089 Ovidi
779 4029 811 4089 de
828 4029 953 4107 piscibus
974 4037 1001 4089 et
1020 4030 1091 4108 seru
1122 4028 1255 4104 itemque

111 4125 143 4184 in
159 4123 309 4198 Parisino3
332 4142 428 4205 neque
450 4126 528 4186 enim
551 4127 654 4187 insunt
675 4126 733 4187 nisi
756 4127 916 4187 nonnullae
934 4127 969 4186 de
986 4127 1113 4187 sollertia
1128 4123 1255 4202 piscium

112 4222 236 4284 fabellae
269 4223 449 4303 quibuscum
481 4225 633 4286 terrestria
667 4224 774 4286 deinde
802 4224 937 4285 animalia
969 4229 1180 4302 comparantur
1202 4221 1254 4282 ad-

8 4362 12 4372 ·
112 4320 302 4402 nectiturque
330 4323 503 4404 aquatilium
526 4325 683 4385 nominum
712 4324 874 4402 catalogum
907 4323 946 4384 ita
980 4332 1013 4383 ut
1046 4320 1149 4382 titulus
1183 4336 1255 4399 pro-

112 4419 244 4500 positum
274 4429 380 4500 poetae
402 4422 536 4483 indicans
560 4423 734 4484 immutatus
757 4430 861 4501 posteo
885 4441 901 4482 a
924 4418 1046 4482 librariis
1068 4417 1203 4479 videatur
1224 4416 1262 4477 in-

165 4519 253 4570 Blrt,
273 4519 303 4564 de
316 4518 460 4564 halieuticis.
1081 4519 1094 4570 1
