2902 5040
675 307 916 373 -118-

228 494 299 549 sunt
314 482 510 567 cocytum
530 494 560 547 et
581 482 691 567 ψῆττα
706 484 858 564 (helianus
874 487 976 547 nescio
991 503 1063 547 uum
1078 485 1200 547 latinum
1216 493 1368 547 auctorem

227 595 347 650 secutus
362 585 401 647 sit
416 600 484 647 cunr
499 585 620 646 insolito
631 602 715 644 more
727 602 860 664 passeres
871 585 1008 646 redderet
1025 583 1281 662 eaaouaocrxlv
1290 583 1323 663 3)
1340 591 1370 655 et

228 675 361 768 ῥόμβος,
387 684 443 745 hos
468 684 563 763 pisces
590 680 742 763 Oppianus
768 683 847 744 inter
873 684 958 744 litura
984 682 1107 753 humilia
1133 691 1164 744 et
1185 683 1265 746 inter
1286 688 1370 744 orare

227 785 359 845 lutosum
380 781 534 844 distribuit
549 782 573 855 (l
589 779 674 842 caet
692 780 779 860 105);
801 782 947 845 solearum
970 781 1080 843 caedor
1098 781 1228 862 fulpidoa
1248 780 1371 842 aliunde

227 882 299 943 ‘nribi
314 898 376 942 non
391 881 538 953 innotuit3
559 879 643 941 facile
658 879 757 942 antem
769 898 876 959 genera
890 880 946 943 istu
960 881 1087 943 inuicem
1095 879 1369 951 confundebantur,

228 981 304 1044 sicut
318 979 455 1045 concolor
471 979 566 1041 selene
590 994 692 1058 passer
710 996 727 1040 a
748 989 835 1058 poeta
860 978 1025 1042 scribitnre
1050 994 1118 1041 nam
1134 979 1267 1041 Athenis>
1286 972 1371 1059 pori·

227 1076 376 1156 γλωσσος
391 1086 481 1159 atque
501 1074 681 1160 disrepta
696 1095 758 1139 uno
774 1078 938 1159 eodemque
952 1079 1033 1158 pisce
1046 1078 1232 1140 habebantur
1246 1078 1369 1152 (Athen.

227 1176 346 1253 2888),
372 1174 567 1257 nullumne
594 1177 719 1239 Romani
744 1175 884 1240 καλοῦσι
913 1175 972 1260 ’τὴν
1000 1177 1131 1259 ψῆτταν
1156 1174 1283 1260 ῥόμβον
1312 1175 1370 1238 sul

228 1273 298 1338 dots
325 1275 365 1338 ad
394 1272 502 1358 drapo
531 1271 700 1358 ἑλληνικόν
725 1275 831 1337 Athen.
861 1275 922 1338 330
940 1276 972 1337 ll.
1016 1276 1113 1354 Atque
1141 1275 1287 1337 rhombus
1311 1279 1370 1336 mi-

226 1375 339 1438 mudos
360 1377 441 1437 litere
470 1375 599 1443 mamma
619 1375 756 1443 Admaeo:
787 1375 866 1437 idem
893 1382 1089 1454 compartum*
1105 1373 1217 1435 Plinius
1241 1372 1371 1435 babebat

228 1472 367 1553 deditque
382 1473 581 1552 principatum
604 1472 800 1535 rhomborum
816 1473 1034 1535 Rauennatibus
1047 1471 1087 1532 lll
1103 1470 1173 1532 189.
1213 1471 1275 1532 lam
1298 1489 1370 1533 vero

228 1573 424 1635 inter'renam
448 1580 479 1632 et
491 1572 650 1634 rhombum
675 1572 705 1633 iu
722 1571 898 1633 editionibus
911 1567 1010 1632 uestri
1023 1571 1088 1632 aeri
1102 1576 1269 1633 cernuntur
1281 1569 1370 1632 haee:

230 1671 308 1734 Tame
333 1671 433 1752 epodas
458 1672 518 1732 loti.
564 1671 600 1731 at
621 1669 687 1732 audi
711 1668 748 1730 M.
763 1669 923 1749 Hauptium
945 1676 974 1731 et
996 1668 1233 1748 ipsum.·.quidem
1248 1668 1304 1731 ists
1320 1687 1373 1730 aa·

230 1766 395 1843 bibentem,
410 1770 465 1831 sed
479 1769 663 1849 praetentam
678 1787 707 1848 p.
723 1768 803 1829 lllll:
834 1786 951 1845 „unum
977 1776 1024 1829 est
1047 1767 1080 1828 iu
1103 1767 1270 1829 hahenticis
1289 1768 1373 1847 quod

229 1886 292 1932 non
317 1877 421 1949 putem
447 1867 484 1929 ab
501 1866 604 1929 Ouidio
626 1866 772 1946 scriptum
787 1886 870 1942 esser
893 1867 951 1928 etsi
970 1866 1051 1928 enim
1066 1884 1127 1927 non
1143 1866 1246 1946 ignoro
1267 1876 1329 1928 tum
1343 1875 1375 1929 et

230 1971 300 2031 mor
321 1967 532 2048 particulorum
548 1981 637 2028 usum
658 1984 757 2045 neque
780 1965 905 2029 omnino
927 1983 1050 2046 prorsus
1073 1965 1259 2044 exploratum
1272 1983 1370 2029 essee

230 2066 428 2148 grammatieis
440 2071 715 2146 aequatemporum
726 2069 919 2144 mutataeque
930 2063 1375 2132 consuetudinisobservationc

229 2167 301 2230 satis
316 2163 559 2229 examinatum.
570 2210 581 2224 .
592 2184 610 2235 .’,
637 2163 708 2226 illud
733 2173 836 2226 tamen
856 2182 920 2226 non
937 2162 1062 2244 possum
1077 2163 1211 2235 credere,
1229 2162 1371 2226 ovidium

230 2277 298 2328 teme
324 2265 433 2328 dixisse
457 2264 491 2326 iu
513 2263 740 2325 enumeratione
761 2263 855 2344 qualis
874 2264 906 2325 in
920 2283 945 2324 v.
966 2261 1025 2324 tre
1040 2261 1221 2325 inuenitur‘.
1261 2261 1373 2325 linesi

229 2365 374 2427 intellexit
392 2364 438 2424 vir
458 2361 607 2440 egregius,
634 2379 687 2422 cur
711 2361 767 2422 sibi
792 2364 890 2424 noluit
915 2361 1120 2442 obtemperare
1140 2369 1180 2424 'ut
1203 2371 1268 2440 tum
1285 2359 1372 2427 uere

230 2472 346 2525 rectum
360 2457 583 2536 resuscitaret?
612 2459 820 2522 deridebatur
843 2461 928 2541 sequi
949 2460 1073 2535 vocalis;
1106 2459 1371 2539 rideamus-,igitur

232 2561 284 2642 qui
309 2559 428 2622 tandem
453 2558 544 2638 piscis
568 2557 759 2638 adportetur:
783 2579 851 2622 ecoe
870 2560 984 2623 inrisus
1002 2559 1107 2639 aliquis
1123 2567 1154 2621 et
1170 2559 1373 2624 inaudiisset

233 2656 380 2723 oblivione
400 2674 563 2738 :oppressus
588 2657 826 2737 antiquitatissut
849 2659 964 2722 videtur
985 2659 1150 2721 universae:
1174 2660 1292 2740 apodes
1304 2657 1374 2723 uu!

233 2761 323 2822 Recte
336 2756 484 2821 fabulatus
500 2775 542 2834 es,
562 2757 750 2818 callidissime
766 2757 850 2830 Plini,
867 2758 1014 2838 positaab
1031 2757 1134 2819 Ouidio
1157 2757 1376 2823 animalitates

232 2858 323 2921 otiam
339 2875 415 2937 quaa
430 2855 508 2936 apud
523 2856 676 2917 nerninem
691 2857 783 2918 alium
803 2857 1016 2936 reperirentur,
1042 2863 1104 2918 non
1129 2857 1374 2937 nereum-pun

234 2957 292 3019 nisi
321 2956 356 3018 ad
383 2955 493 3018 Tomos
519 2955 609 3035 ipsos.
655 2955 802 3016 Nimirum
830 2956 1105 3018 etiam'barbarurn'
1125 2971 1250 3018 nomeu:
1276 2975 1377 3036 neque

232 3055 315 3118 anim
333 3054 460 3117 latinum
492 3056 590 3134 neque
612 3070 749 3133 graecum
775 3063 828 3117 est
868 3053 907 3116 Et
931 3052 1090 3136 τρίποδες
1116 3071 1169 3133 ego
1194 3062 1234 3117 et
1250 3049 1377 3128 ἄποδες

231 3163 264 3216 ct
291 3150 432 3224 νέποδες
460 3152 512 3233 qui
543 3152 684 3215 dicantur
719 3153 859 3233 pernovi,
899 3150 1001 3226 ’ἔπους
1036 3153 1186 3233 quomodo
1208 3154 1293 3233 -quid.
1318 3154 1378 3217 diri

233 3252 365 3334 potuerit
383 3252 514 3331 ignoru-
534 3251 596 3312 Iam
611 3248 724 3323 diruas
750 3259 812 3314 nou
836 3251 961 3343 debetur
981 3251 1131 3314 nisil’lini
1147 3252 1378 3335 excerptistur·

232 3352 364 3431 pissime.
385 3349 496 3430 ubique
515 3350 586 3413 dere
615 3350 741 3424 vitiosis,
776 3351 833 3413 nisi
861 3352 944 3432 quod
972 3352 1063 3414 codex
1098 3350 1138 3413 ibi
1165 3351 1378 3416 Biccardiauus

149 3489 152 3498 ‚
236 3450 343 3511 rectius
383 3467 498 3529 moros,
536 3448 610 3510 item
640 3449 807 3523 Vaticanus,
847 3458 878 3512 at
915 3451 1077 3514 Vossianus
1116 3450 1205 3513 etiam
1244 3469 1377 3532 capam

235 3547 356 3638 lepores
369 3547 486 3610 sincere
501 3549 646 3628 scriptum
671 3549 704 3611 in
722 3549 800 3630 ipsis
815 3550 961 3629 poematis
974 3549 1188 3630 manuscriptis
1203 3557 1258 3624 est,
1280 3568 1379 3631 necem

235 3648 325 3727 igitru
338 3647 397 3708 iam
412 3657 478 3708 traua
494 3647 585 3727 magis
600 3665 689 3727 quam
714 3657 777 3710 tom
801 3648 970 3711 rothildis
986 3648 1055 3710 dare
1070 3655 1123 3710 aut
1136 3649 1379 3734 senioribus·

237 3746 379 3826 cogimur.
408 3746 494 3807 Nam
530 3747 628 3826 ipsum
654 3745 763 3826 lepores
795 3747 965 3828 reciperas
997 3744 1183 3810 vetabimur?
1215 3747 1380 3828 anqudrun-

231 3845 349 3908 .dumue
367 3843 477 3924 aliquid
502 3844 558 3907 erit
582 3845 704 3908 tertium
726 3863 786 3926 quo
811 3846 898 3909 lectio
922 3854 1050 3926 utraque
1072 3833 1164 3909 simul
1189 3842 1380 3926 corrigatur?

237 3945 297 4007 Sed
321 3945 402 4025 quod
427 3963 522 4006 unum
544 3955 667 4025 praesto
691 3953 737 4007 est
758 3945 871 4025 iapudes
890 3952 985 4024 genus
1000 3952 1164 4008 ostrearum
1180 3952 1379 4009 memoratum

238 4042 309 4105 illud
324 4043 413 4105 ctiam
428 4043 461 4104 iu
476 4043 601 4105 Marcelli
617 4044 744 4123 piscium
762 4045 896 4122 catalogo
911 4063 937 4106 r.
951 4043 992 4104 35
1009 4052 1040 4106 et
1060 4044 1140 4125 quod
1166 4043 1380 4109 laumense

237 4143 284 4204 vel
313 4162 348 4203 ex
374 4143 494 4204 nomine
523 4144 706 4224 patellaeque
734 4143 930 4206 similitudine
959 4144 1077 4224 colligas
1108 4142 1315 4223 (caueamur
1342 4142 1380 4207 de

239 4242 353 4322 patellis
376 4250 406 4304 at
426 4241 475 4303 alii
496 4242 552 4304 loci
570 4252 602 4305 et
615 4243 759 4306 Athenaei
775 4263 804 4323 p.
820 4239 862 4304 85
874 4241 906 4315 F,
924 4239 964 4304 88
974 4242 1008 4315 Β,
1025 4242 1065 4304 90
1076 4243 1109 4316 Β,
1125 4241 1164 4305 91
1178 4241 1214 4317 Ε)
1231 4240 1380 4305 neouuici

240 4342 360 4422 quidem
376 4340 466 4404 istud
492 4340 592 4403 schric
617 4341 713 4421 agenti
727 4343 784 4405 hoe
802 4343 868 4404 loco
889 4340 958 4404 licet
973 4341 1024 4405 ubi
1038 4340 1164 4421 adpositi
1178 4340 1243 4403 loco
1258 4349 1304 4405 est
1318 4341 1380 4412 leti,

134 4475 136 4479 ι
241 4439 403 4502 nominor.
422 4439 519 4512 ¹Quid
535 4439 631 4520 ipitnr¹
646 4438 732 4505 ,rosi
758 4440 837 4504 -Pliui
852 4440 974 4525 omuino
997 4440 1178 4519 corrigemus
1199 4437 1379 4518 dtmfflonm

240 4539 407 4617 nominum.
437 4540 537 4604 *iiam
555 4541 757 4622 nelepornm
784 4539 911 4622 qudem,
934 4531 1380 4629 consummationem&
