2902 5040
665 305 887 370 ,60-

304 480 474 559 Purpureos
496 479 601 541 laniata
625 480 719 562 sinus,
741 481 849 542 laniata
872 483 991 561 capillos

305 578 329 639 0
352 580 463 658 patriae
484 580 613 658 praelate
634 597 728 650 meae,
750 580 879 659 praelato
900 581 1016 660 parenti

303 676 418 738 interea
440 683 591 738 crescente
613 677 717 749 llemo,
740 685 891 738 crescente
913 679 1038 750 Quirino

304 774 427 836 Pectore
450 775 567 836 Procris
590 785 661 846 erat,
684 775 800 836 Procris
824 774 895 835 mihi
918 795 1037 855 semper
1058 779 1089 837 in
1111 795 1164 839 ore

302 873 400 951 Longa
422 873 589 934 internodia
612 891 743 944 crurum,
765 872 863 951 Longa
887 883 988 935 manet
1008 876 1104 936 cervix

303 971 496 1050 Templorum
517 972 641 1051 positor,
664 973 845 1051 templorum
869 981 972 1034 sancte
993 982 1132 1054 repostor

304 1069 371 1130 Non
393 1069 475 1130 illum
499 1069 624 1142 Cereris,
646 1088 707 1131 non
729 1071 812 1131 illum
836 1090 905 1132 cura
928 1072 1037 1151 quietis

303 1167 370 1228 Non
393 1167 463 1228 illud
485 1167 588 1238 Pallas,
612 1185 673 1228 non
695 1168 766 1229 illud
789 1186 911 1248 carpere
932 1169 1005 1230 livor

304 1266 446 1327 Cantabat
468 1267 553 1337 lanis,
576 1266 712 1327 cantabat
734 1266 804 1327 tibia
827 1267 905 1329 ludis

304 1364 376 1425 Vota
399 1371 500 1426 tamen
523 1365 647 1444 tetigere
670 1365 750 1435 deos,
774 1367 895 1445 tetigere
917 1374 1054 1445 parentes

304 1463 400 1542 thue
423 1463 502 1524 dedit
524 1472 611 1524 notae
634 1463 777 1535 lacrimae,
801 1464 883 1526 dedit
905 1464 1004 1526 oscula
1026 1467 1103 1527 vesti

303 1561 390 1633 Quod
411 1568 513 1622 teneat
535 1560 619 1633 lucis,
642 1568 742 1622 teneat
764 1562 892 1623 confinia
913 1562 1010 1623 noctis

262 1645 264 1650 ¹
304 1657 404 1720 Sensit
425 1677 546 1739 equum,
569 1659 663 1720 sensit
685 1658 833 1721 volucrem
857 1659 960 1722 crinita
984 1659 1112 1722 colubris

304 1758 429 1820 Vidisset
451 1759 596 1831 lacrimas,
618 1759 734 1820 vultum
756 1757 876 1819 vidisset
898 1759 1022 1819 amantis

303 1856 417 1936 Augeat
438 1856 596 1936 imperium
621 1856 715 1917 nostri
738 1856 830 1929 ducis,
853 1864 957 1936 augeat
979 1874 1073 1917 annos

302 1955 409 2017 Oscula
433 1954 504 2016 dant
526 1954 591 2034 ipsi,
614 1953 710 2033 posito
734 1955 804 2016 dant
825 1955 924 2016 oscula
947 1955 1023 2016 lecto

303 2053 438 2115 Flumina
462 2053 521 2114 iam
544 2051 635 2126 lactis,
659 2053 716 2114 iam
740 2053 862 2114 flumina
885 2053 1012 2115 nectaris
1035 2052 1120 2115 ibant

304 2151 427 2213 Pirithoi
450 2150 559 2213 virtute
581 2151 692 2231 Lycum
726 2151 865 2214 cecidisse
898 2151 1047 2223 ferebant,
1080 2151 1201 2214 Pirithoi
1236 2154 1345 2217 virtute

666 2325 670 2332 .
1141 2251 1290 2314 Chromim
1375 2248 1377 2251 ’

303 2350 338 2410 ln
360 2348 471 2409 medias
496 2347 607 2427 Syrtes,
631 2347 759 2408 mediam
783 2367 849 2409 mea
873 2348 933 2410 vela
957 2348 1122 2427 Charybdin

302 2447 370 2507 Dira
395 2465 507 2508 canam.
551 2446 658 2508 Procul
681 2445 750 2506 hinc
772 2454 868 2518 natae,
890 2447 993 2526 procul
1017 2455 1079 2508 este
1100 2456 1239 2528 parentes

303 2550 363 2611 lllic
384 2559 414 2612 et
435 2549 566 2619 nebulas,
590 2549 648 2610 illic
670 2549 834 2611 consistere
856 2549 952 2610 nubes

302 2648 384 2710 Multi
406 2649 488 2709 illum
512 2647 643 2721 iuvenes,
667 2648 777 2709 multae
799 2647 917 2728 cupiere
939 2649 1053 2727 puellae

301 2746 407 2808 Multas
431 2747 501 2808 silva
523 2745 605 2825 tegit,
629 2747 741 2808 multae
763 2746 950 2807 stabulantur
971 2746 1002 2806 in
1025 2746 1128 2808 antris.

201 2876 255 2936 Hic
271 2876 361 2955 igitur
380 2876 550 2939 adstrictior
566 2894 639 2938 usus
661 2876 693 2937 in
709 2875 889 2938 hexametris
906 2875 1025 2957 quidem
1043 2875 1203 2938 scribendis
1221 2877 1344 2940 valebat.

201 2973 383 3036 Pentametri
424 2992 494 3036 vero
525 2982 597 3036 sunt
629 2991 757 3055 quorum
788 2973 916 3035 molliori
947 2974 1004 3036 arti
1035 2974 1104 3037 talia
1138 2974 1347 3051 condonarint,

201 3073 280 3135 velut
302 3073 435 3135 Tibullus
458 3073 515 3146 11,
533 3073 588 3146 ,783
611 3073 640 3144 4,
658 3072 714 3147 823
737 3072 808 3144 115,
829 3072 903 3134 100:

301 3184 468 3263 hospicium
493 3183 567 3246 dites
591 3184 826 3265 despiciamque
849 3184 956 3246 tamem

302 3283 447 3344 Deficiunt
469 3292 546 3344 artes
570 3282 789 3363 deficiuntque
812 3283 871 3344 doli

302 3380 469 3460 cespitibus
493 3399 610 3443 mensas
634 3380 852 3461 cespitibusque
875 3389 974 3442 torum

201 3493 380 3574 quibuscum
404 3512 540 3573 compara
564 3493 647 3554 Ovidi
670 3493 788 3555 Heroid.
804 3492 839 3554 lv
859 3492 937 3553 112:

301 3592 470 3654 Pirithoum
492 3592 642 3655 Phaedrae
664 3591 911 3672 Pirithoumque
933 3591 1003 3666 tibi;

201 3705 272 3766 item
297 3704 380 3784 epist.
398 3704 533 3783 Sapphus
555 3723 583 3764 v.
599 3704 654 3763 54:

301 3803 433 3863 Nisiades
457 3810 566 3864 matres
588 3800 802 3881 Nisiadesque
825 3819 937 3873 nurus,

202 3915 278 3995 quod
304 3913 451 3991 effingitur
473 3914 504 3974 in
527 3913 645 3992 Epioed.
663 3911 750 3974 Drusi
766 3931 791 3973 v.
812 3912 889 3972 112:

300 4011 450 4072 Ausoniae
473 4019 582 4073 inuras
605 4010 829 4090 ausoniaeque
852 4027 956 4079 nurus,

201 4111 308 4192 quibus
331 4111 415 4171 aliter
438 4109 600 4189 praeiverat
622 4108 742 4170 Ovidius
765 4109 830 4168 Am.
847 4107 873 4168 ll
894 4109 941 4183 ll,
958 4107 1015 4169 36:

301 4209 519 4287 Nereidesque
541 4208 613 4268 deae
636 4206 875 4286 Nereidumque
897 4215 989 4287 pater.

200 4321 377 4402 Displicebat
389 4319 511 4400 quidem
521 4319 624 4380 Ouidio
641 4319 698 4399 ipsi
714 4337 816 4380 versus
833 4337 905 4380 suus
924 4318 972 4379 hic
989 4318 1039 4399 qui
1055 4318 1175 4379 esthm.
1188 4316 1213 4376 ll
1228 4317 1276 4386 ll,
1289 4315 1347 4374 10:

301 4420 338 4480 Et
360 4419 489 4498 gelidum
513 4417 624 4480 borean
647 4416 855 4496 egelidumque
878 4423 982 4479 notum
1227 4427 1229 4430 ·
