2902 5040
574 298 813 363 —165-

127 496 181 556 ego
215 493 284 539 vero
317 475 480 538 mutatione
518 483 661 539 uetustam
699 475 876 555 scripturam
914 474 939 537 si
978 476 1074 556 cogito
1116 474 1269 539 lenissima

126 574 348 644 rescribendum
370 577 491 639 marones
513 593 578 637 esse
601 594 635 637 er
652 574 691 637 lll
708 573 747 658 23
770 580 867 637 certus
889 594 966 637 sum.

181 724 187 747 2
211 673 339 744 Videsne
351 673 479 737 Plinium
496 692 563 737 cum
575 692 637 736 non
653 682 810 754 suppetere
825 674 988 752 catalogum
1005 674 1269 754 nupercognitum

125 771 252 835 sentiret
264 791 361 852 uuam
384 772 537 852 pueriliter
555 791 621 837 rem
642 769 756 851 egerit?
788 773 821 834 ln
838 772 935 836 uerbis
957 782 1057 837 autem
1072 777 1090 848 ξ
1106 773 1166 836 142
1182 791 1270 854 apua

124 877 293 937 nmmum
313 872 460 952 conplecti
478 890 539 935 non
563 872 599 937 ad
619 886 725 953 genno
744 873 796 935 sed
812 873 846 934 ad
870 873 1010 937 animatio
1032 871 1107 935 trabi
1129 892 1164 936 eo
1178 873 1269 935 uole-

124 973 175 1041 bat
196 972 330 1052 quamvis
353 971 488 1038 subtilius
510 971 541 1035 id
562 972 627 1035 lieri
649 972 784 1036 diceres,
816 971 996 1036 Observatur
1022 980 1173 1052 praeterea
1204 990 1268 1035 non

124 1072 285 1151 itapauca.
299 1070 470 1150 aquatilium
493 1071 612 1135 nomina
636 1071 724 1133 etiam
746 1070 848 1133 abesse
870 1069 908 1133 ab
929 1071 986 1132 boc
1005 1069 1103 1135 indice
1118 1070 1149 1133 iu
1171 1070 1270 1152 iisqne

125 1171 170 1232 vel
192 1189 269 1250 quac
291 1168 322 1230 in
344 1169 409 1248 ipso
432 1187 513 1231 nono
533 1169 610 1230 libro
635 1168 744 1249 scripta
766 1178 848 1232 sunt.-
895 1168 1034 1250 lienique.
1052 1169 1094 1231 ad·
1121 1169 1266 1234 calculum
1341 1216 1344 1220 -

124 1275 414 1348 generumsccurate
422 1268 594 1347 ponendum
605 1267 727 1331 nomina
736 1268 858 1347 catalogi
870 1267 1037 1348 conquisita
1049 1284 1112 1331 non
1120 1268 1266 1331 fuisseuol

124 1370 194 1431 inde
210 1367 355 1446 colligitur
369 1367 448 1447 quod
466 1375 498 1429 et
510 1368 687 1429 lacertorum
703 1386 842 1446 genere
857 1366 888 1430 in
903 1387 939 1429 eo
953 1367 1020 1431 sine
1031 1367 1224 1433 distinctione
1236 1375 1266 1431 et

48 1516 54 1527 ,
124 1486 298 1532 cancrorum
316 1484 459 1546 genera
478 1465 659 1531 inseruntur.
682 1466 778 1546 Atque
788 1465 832 1528 vir
849 1464 972 1547 quidem
982 1466 1032 1528 ille
1047 1466 1271 1533 eruditissimus,

123 1569 174 1648 qui
185 1583 329 1646 generum
342 1583 502 1628 numerum
515 1565 624 1628 CXLlV
636 1584 690 1646 per
700 1573 761 1629 tros
774 1565 881 1629 dassen
892 1565 1035 1640 finiverat,
1051 1566 1113 1629 siue
1125 1567 1264 1631 Seleucus

122 1670 206 1731 lorte.
232 1665 386 1731 Tarsensis
419 1665 474 1729 suit
507 1665 566 1727 sive
599 1665 672 1728 alius
700 1666 857 1729 doctorum
885 1684 1022 1746 quorum>
1044 1663 1168 1728 nomina
1196 1666 1265 1731 alibi

122 1765 446 1848 pnsui‚›=dillicillimum
470 1783 539 1827 eum
560 1764 693 1829 laborem
715 1765 847 1827 subierat
874 1776 906 1827 ut
928 1764 1065 1827 animalia
1084 1765 1264 1831 abundantia

124 1864 229 1927 similia
246 1863 392 1927 similibus
408 1861 603 1942 subiungeret
620 1874 651 1925 et
667 1863 883 1942 constringeret
893 1864 924 1924 in
941 1862 1050 1927 classes
1067 1871 1098 1924 et
1110 1865 1264 1944 paucimos
1305 1863 1309 1872 '

122 1973 152 2027 et
166 1963 335 2043 gravioresr
367 1969 397 2022 at
427 1981 496 2025 uero
524 1962 612 2025 buius
640 1963 717 2042 apud
739 1961 867 2029 Plinium
886 1958 1010 2023 ‚laboris
1029 1978 1094 2022 ¹nec
1118 1962 1181 2024 vola
1208 1983 1268 2027 noc

122 2061 276 2141 vestigium
300 2071 459 2143 comparet.
503 2062 584 2137 Quae
606 2061 785 2124 omniaboc
813 2059 867 2125 tibi
892 2059 1118 2140 persuadebunt
1149 2068 1187 2122 ut
1204 2063 1262 2124 iin-

95 2203 97 2215 »
122 2162 218 2224 dicem
247 2161 474 2239 grammaticum
505 2176 603 2239 neque
625 2178 694 2223 cum
717 2177 843 2223 numero
866 2159 1032 2239 praemisso
1046 2158 1164 2222 Cllbll.
1179 2178 1264 2223 coma

121 2280 212 2323 mune
235 2261 397 2341 quidquam
419 2259 529 2321 habere
552 2277 651 2340 neque
674 2278 741 2322 cum
763 2258 829 2321 libri
853 2259 924 2320 noni
946 2258 1025 2334 §43
1041 2259 1229 2323 adseverem⁴

206 2360 321 2434 Quibus
344 2359 494 2423 concessis
517 2357 623 2437 dignus
645 2358 705 2420 iam
728 2358 774 2421 ille
797 2359 947 2438 catalogus
970 2357 1104 2421 uideatur
1125 2358 1158 2420 in
1172 2359 1263 2422 cuius

121 2468 257 2521 naturam
282 2467 311 2520 et
333 2457 578 2538 compositionem
608 2458 845 2537 cognoscendam
874 2456 1018 2519 curiosius
1044 2456 1265 2522 incumbamus

121 2560 158 2621 Et
179 2559 310 2639 primum
333 2557 452 2637 quidem
481 2556 665 2636 singulare
656 2576 688 2618 1n
716 2576 750 2618 eo
773 2555 952 2637 percipimus
979 2556 1037 2615 boc
1054 2558 1138 2649 quod
1161 2576 1269 2643 graeca¹

122 2656 243 2719 nomina
280 2675 422 2767 prorsus
436 2653 621 2736 inexpectata
654 2674 709 2735 pro
743 2653 905 2733 tritissimis
938 2634 993 2716 lat
967 2655 1042 2735 trnis
1055 2653 1263 2741 exhibentur:

122 2743 272 2819 botrocbus
294 2775 347 2837 pro
370 2755 429 2816 raia
452 2755 599 2826 reliana,
622 2753 801 2837 olopenpro
824 2753 919 2832 vulpe,
944 2704 1066 2841 dipticis
1079 2771 1138 2845 pro
1156 2747 1265 2834 gladio,

121 2855 236 2917 cocbloc
261 2873 315 2935 pro
349 2853 485 2927 conchis,
518 2854 618 2934 lippae
650 2871 705 2933 pro
739 2871 831 2932 equo,
864 2855 966 2913 ictinus
998 2860 1031 2913 ut
1059 2844 1176 2913 videtur
1208 2873 1263 2934 pro

121 2952 222 3037 miluo,
254 2953 350 3035 poleos
376 2972 431 3033 pro
454 2953 587 3025 mustela,
616 2969 714 3031 neque
737 2969 798 3013 nou
820 2969 903 3029 opace
927 2969 982 3030 pro
1005 2951 1144 3013 caniculis
1166 2971 1263 3032 neque

121 3053 220 3115 minus
244 3052 302 3113 buo
324 3051 477 3131 pertinent
505 3069 538 3112 ea
568 3049 675 3130 quibus
702 3049 792 3111 latina
821 3050 1031 3111 adstruuntur:
1067 3050 1148 3111 rdine
1182 3071 1263 3130 poem

120 3162 227 3214 scotum
250 3151 308 3226 trel
322 3149 466 3231 equolam)
483 3167 619 3211 vocamus
633 3157 663 3210 et
677 3149 756 3211 cnido
771 3168 856 3230 quom
870 3166 923 3210 nos
936 3152 1060 3210 urticam
1075 3167 1211 3211 vocamus
1233 3159 1263 3212 et

121 3252 236 3312 Menoe
250 3267 319 3332 poor
335 3250 475 3311 oculonos
489 3267 630 3311 vocamus.
660 3249 693 3310 ld
709 3262 834 3328 quoque·
845 3257 874 3309 et
890 3267 905 3309 a
920 3246 994 3309 Plini
1011 3264 1067 3309 usu
1083 3256 1112 3310 et
1126 3247 1262 3313 ab-''omni

119 3349 262 3411 latinitate
283 3349 393 3413 mirum
416 3356 560 3465 quantum
583 3347 680 3410 differt
706 3347 785 3427 quod
811 3364 919 3428 pereger
940 3346 1081 3409 scribitur
1108 3366 1162 3427 pro
1189 3358 1266 3410 con·-¹

119 3467 182 3528 gro,
211 3448 366 3510 ueletiam
393 3449 470 3510 codic
499 3442 645 3528 (κωβιός)
668 3465 722 3528 pro
745 3446 886 3527 gobione.
923 3446 1028 3508 itidem
1062 3456 1157 3509 ostam
1185 3458 1262 3510 neu

118 3557 197 3611 trum
231 3565 403 3626 graecorum
438 3565 520 3608 more
554 3547 664 3609 dictum
693 3562 760 3607 cnm
784 3547 815 3608 in
839 3546 919 3608 libris
937 3543 1061 3606 lll-lll
1082 3554 1134 3607 aut
1158 3556 1261 3626 regnet

119 3659 169 3712 aut
202 3646 366 3728 praevaleat
388 3657 504 3709 edrone.
549 3645 612 3708 lloc
644 3646 744 3725 itaque
772 3645 906 3706 mirabile
935 3644 1063 3724 primum
1092 3645 1173 3724 qued
1206 3645 1261 3707 ali·v

120 3757 268 3830 quatenus
291 3745 435 3825 explicare
458 3746 621 3826 cupiamus.
665 3745 776 3807 Deinde
799 3762 868 3806 vero
892 3762 1008 3806 summa
1030 3743 1165 3824 quaestio
1186 3745 1261 3807 baec

119 3846 285 3910 movebitur
308 3844 358 3924 qui
381 3844 504 3906 omnino
525 3845 638 3907 factum
660 3844 698 3906 sit
720 3851 753 3906 ut
776 3837 858 3905 κατὰ
875 3850 1035 3920 στοιχεῖον
1050 3843 1121 3904 baec
1137 3844 1259 3906 nomina

119 3946 253 4010 aPlinio
281 3938 491 4006 exhiberentur
507 3952 548 4008 ,et
576 3943 694 4024 quidem
723 3943 795 4004 baec
822 3942 1043 4014 tantummodo,
1076 3941 1196 4021 reliquis
1230 3952 1259 4006 et

118 4055 202 4110 antea
235 4056 265 4108 ct
292 4053 395 4124 postea
423 4043 488 4104 sine
512 4043 571 4106 ullo
594 4043 698 4104 ordine
721 4061 754 4103 ac
775 4042 875 4120 regula
898 4041 1027 4102 adiectis.
1071 4042 1117 4101 Au
1143 4041 1259 4120 integer

118 4146 160 4208 illi
183 4145 332 4224 catalogus
347 4141 464 4204 aliunde
478 4142 592 4203 adlatus
607 4141 795 4221 scriptusque
817 4140 854 4201 ab
870 4146 903 4201 eo
919 4140 976 4201 init
991 4139 1039 4220 qni
1056 4136 1159 4212 λέξεις
1174 4158 1258 4220 grae-

118 4263 166 4306 cas
188 4242 407 4324 partim-latine
429 4240 537 4321 partim
560 4240 647 4302 edam
671 4257 771 4319 graece
786 4239 1011 4319 transcripserat
1026 4247 1258 4319 compresserat-

118 4343 228 4424 quein
251 4344 347 4402 artum
371 4359 437 4402 cum
461 4352 565 4419 magna
588 4338 664 4400 haud
688 4338 776 4399 dubie
798 4338 908 4400 iactura
930 4335 1054 4400 rerum?
1095 4339 1140 4400 An
1163 4340 1256 4418 magis

116 4445 216 4526 ipsum
260 4439 386 4503 Plinium
431 4439 562 4521 quamvis
606 4437 746 4500 inscitum
791 4436 910 4498 nomina
960 4445 990 4499 et
1032 4438 1183 4520 collegisse
1226 4444 1278 4501 et
