2902 5040
614 286 835 350 ..23-

154 465 255 545 ltaque
278 463 357 526 inter
391 462 464 526 duas
497 460 610 542 puellas
632 461 754 524 omnino
782 480 843 524 non
872 461 1078 542 distinguitur3
1104 466 1299 544 femineum

154 563 261 625 vulnus
291 569 415 625 vocatur
443 578 538 641 eoque
572 560 695 640 cogitari
721 560 871 640 praeclare
902 560 1049 624 indicatur
1081 581 1143 624 non
1169 563 1297 642 gladium

153 661 206 725 sed
232 660 471 723 instrumentum
500 657 620 739 aliquod
641 659 677 721 ad
699 658 836 723 mulieres
859 660 1024 740 pertinens:
1057 669 1164 741 pecten
1187 670 1232 724 est
1253 664 1300 725 rel

154 758 255 823 rudius
287 757 321 821 in
352 775 413 838 quo
444 773 565 836 grumae
597 758 835 821 narratiunculae
867 759 957 820 cardo
984 766 1132 835 vertatur:
1162 759 1210 822 bic
1242 761 1299 823 sub

155 856 279 921 dimisso
291 855 352 921 telo
367 865 401 918 ut
416 855 507 919 lateat
521 854 725 934 efflagitamus.
771 857 873 938 ltaque
887 857 960 920 baec
974 859 1075 921 nescio
1091 877 1163 921 num
1187 859 1300 941 placeat

154 956 197 1019 rol
223 953 328 1019 similia
355 961 518 1034 temptare:

253 1078 330 1141 llere
351 1077 421 1140 lacit
443 1077 550 1140 mediis
577 1087 661 1141 natas
685 1077 797 1141 Oriona
824 1078 936 1141 Thebis

253 1177 346 1239 Aleon
368 1174 530 1239 femineum
553 1176 654 1255 iugulo
676 1177 747 1239 dara
768 1177 875 1240 vulnus
898 1184 1001 1258 aperto

254 1275 331 1337 Olim
355 1293 390 1338 ac
410 1274 541 1337 demisso
563 1293 617 1354 per
637 1275 743 1338 inertia
765 1275 870 1337 vellera
898 1275 957 1337 telo

253 1373 312 1436 Pro
334 1373 444 1454 populo
467 1373 607 1436 cecidisse
628 1391 684 1435 suo
712 1390 774 1453 eqs.

154 1489 268 1551 Vellera
294 1507 348 1569 pro
371 1488 436 1550 lana
457 1488 594 1551 dicuntur
616 1489 696 1551 velut
717 1487 785 1551 blet.
808 1488 885 1561 xlv,
908 1488 985 1562 264,
1012 1487 1119 1551 Tibulli
1137 1490 1180 1560 lv,
1197 1491 1226 1565 2,
1244 1492 1301 1563 16:

155 1587 265 1666 cogites
290 1587 379 1648 etiam
407 1585 568 1649 nubeculas
594 1606 671 1668 quae
692 1588 799 1649 vellera
821 1587 905 1650 lanae
934 1589 1076 1664 audiunt:
1104 1606 1202 1668 neque
1225 1590 1300 1651 Pro-

154 1685 309 1767 pertianus
337 1683 411 1746 mibi
436 1702 496 1747 non
522 1685 802 1747 commemorandus
824 1686 906 1747 locus
929 1694 993 1749 esto
1023 1687 1061 1757 V,
1086 1685 1122 1762 3,
1144 1684 1195 1762 34,
1217 1688 1300 1750 euius
1429 1691 1438 1696 ”

153 1783 313 1846 lectionem
335 1783 567 1846 emendatiorem
590 1782 755 1844 adscribam
776 1782 841 1855 bic,
864 1783 933 1846 alibi
955 1784 1120 1865 explicabo:

258 1893 401 1956 Noctibus
423 1893 555 1983 bibernis
575 1894 736 1956 castrensia
759 1911 850 1974 pansa
877 1894 976 1957 laboro

298 1992 336 2055 nt
356 1991 443 2074 'lyris
465 1992 497 2054 in
518 1992 637 2074 galbeos
658 1993 763 2054 vellera
786 2001 864 2054 secta
890 2011 956 2055 suo.

152 2122 250 2201 Atque
280 2117 354 2180 baec
384 2118 490 2180 vellera
524 2117 629 2180 inertia
658 2117 798 2178 ridentur
823 2117 932 2179 Nasoni
965 2123 1159 2197 anteaquam
1192 2136 1246 2198 per
1267 2138 1300 2180 ea

152 2219 253 2299 ipsum
285 2215 412 2298 pectinis
445 2216 539 2278 telum
571 2215 755 2278 demittetur.
820 2213 861 2276 Oa
897 2233 955 2277 usu
991 2213 1140 2297 κερκίδος
1178 2218 1301 2280 consule

153 2314 307 2381 Scbeideri
339 2314 468 2377 indicem
501 2314 538 2376 ad
574 2313 733 2395 scriptores
770 2331 826 2374 rer.
859 2320 934 2375 rust.
972 2331 1000 2393 p.
1033 2313 1094 2375 370
1123 2332 1167 2396 sq.
1222 2315 1302 2377 Solet

154 2414 276 2496 quidem
307 2410 397 2477 scribi
422 2415 567 2476 demittere
596 2416 641 2485 iu:
675 2412 727 2473 sed
756 2411 835 2474 enirn
865 2412 900 2474 ad
924 2412 1151 2474 monstrandum
1185 2411 1301 2475 radium

154 2514 214 2575 huc
235 2512 304 2574 illuc
330 2531 384 2593 per
409 2512 507 2573 lanam
531 2519 651 2573 euntem
670 2528 725 2592 per
755 2511 855 2572 rocula
885 2510 971 2572 unice
998 2519 1066 2591 apta
1095 2510 1159 2573 luit.
1204 2513 1301 2593 Atque

154 2610 259 2674 eadem
274 2611 376 2674 rocula
390 2609 423 2672 in
437 2608 666 2671 llalieuticorum
683 2609 747 2671 loco
770 2627 861 2690 aquo
884 2608 1036 2690 proiectus
1057 2627 1157 2672 sermo
1174 2620 1219 2673 est
1240 2611 1300 2672 lar-

154 2709 296 2789 giendum
310 2708 437 2770 fortasse
452 2706 509 2769 erit
523 2706 699 2788 scriptorem
716 2706 931 2788 aliquantulum
948 2707 1064 2770 leniisse
1081 2707 1248 2769 molestiam
1272 2716 1301 2769 et

154 2823 376 2888 compensasse.
421 2805 560 2868 Ceterum
581 2805 619 2866 da
641 2812 739 2866 morte
761 2805 886 2867 filiarum
904 2805 1023 2867 Orionis
1046 2805 1071 2868 si
1087 2805 1214 2886 Hauptio
1231 2824 1300 2886 par-

154 2906 280 2969 suadere
312 2902 498 2984 aliquatenus
530 2902 711 2983 potuissem,
746 2903 846 2965 minus
878 2902 1004 2965 fortasse
1040 2904 1196 2986 puniisset
1230 2922 1299 2966 eum

154 3003 316 3085 particulae
349 3011 433 3085 atoue
468 2999 505 3062 ab
534 3001 620 3064 initio
653 3001 799 3063 enuntiati
832 3009 963 3064 remoue
1002 3003 1171 3082 exemplum
1204 3020 1300 3064 unum

155 3102 236 3184 quod
269 3101 301 3162 in
335 3099 548 3181 expolitissimo
580 3107 695 3179 prostat
728 3099 860 3161 carmine
894 3100 956 3161 brt.
986 3099 1300 3174 lm.111‚282,uhi

156 3219 252 3280 paene
280 3198 423 3280 suspicari
453 3216 525 3278 sque
553 3213 615 3258 non
644 3195 773 3259 debebat
803 3197 845 3257 vir
867 3197 1047 3260 clarissimus
1074 3197 1210 3278 (Obserr.
1234 3199 1298 3261 crit.

240 3409 276 3470 ln
302 3406 535 3471 Helieuticorum
564 3424 591 3468 v.
610 3405 651 3468 66
682 3403 853 3470 adverbium
876 3407 933 3469 bie
955 3406 1031 3469 miro
1055 3408 1144 3470 modo
1166 3407 1299 3489 positum

154 3515 199 3571 est
233 3515 267 3569 ut
295 3506 364 3586 quid
393 3505 574 3586 signiticaret
604 3504 692 3568 rixari
727 3504 920 3586 altercarique
952 3514 1075 3589 possent
1110 3507 1298 3587 interpretes.

154 3604 307 3668 Relaberis
328 3623 397 3667 vero
420 3603 452 3666 ni
467 3604 552 3666 fallor
567 3624 602 3667 eo
618 3611 651 3665 ut
672 3604 710 3665 in
730 3604 789 3665 bis
811 3604 856 3665 rel
879 3607 980 3668 inter
1001 3606 1069 3667 hos
1084 3605 1299 3686 interpreteris.

157 3703 247 3778 Quod
277 3703 409 3766 alienum
433 3703 570 3767 videlieet
584 3703 620 3766 ab
636 3705 739 3768 Oridio
762 3714 817 3767 est.
860 3705 998 3767 Fortasse
1018 3703 1084 3764 binc
1105 3703 1204 3782 potius
1226 3703 1301 3765 seri·

154 3801 224 3865 bers
245 3819 337 3864 ansus
359 3809 446 3883 postu
468 3808 523 3864 est.
566 3803 679 3865 Deinde
690 3805 825 3884 suspicor
840 3802 966 3865 voluisse
987 3801 1086 3862 dicere
1107 3801 1298 3882 scriptorem:

153 3903 318 3982 maior
337 3900 428 3964 bouus
453 3910 481 3962 et
505 3901 599 3982 plomb
626 3906 720 3964 maior
746 3919 885 3983 equorum
912 3935 954 3944 -
976 3898 1086 3980 quibus
1113 3907 1213 3961 tamen
1241 3899 1299 3961 illi-

155 3998 294 4061 beraliter
316 4016 419 4061 versus
439 3998 638 4079 repugnabatl
682 4001 768 4075 Quod
791 4007 890 4063 eutem
916 3996 1085 4080 insequitur
1105 4000 1207 4059 osenia
1230 3998 1299 4076 pul·

154 4114 232 4159 mer
256 4114 357 4176 capere
382 4097 428 4160 aio
457 4098 575 4176 quidem
605 4099 680 4161 male
703 4098 822 4171 babere,
844 4097 954 4178 quippe
983 4115 1050 4158 cum
1073 4095 1182 4158 animis
1209 4113 1298 4158 nemo

155 4195 240 4257 laeile
267 4211 411 4257 coronam
433 4197 683 4276 prehenderit-
711 4197 828 4259 brionis
850 4197 940 4258 modo
965 4195 1156 4257 reminiscere
1178 4192 1298 4274 capien-

155 4293 193 4356 tis
209 4310 350 4356 coronam
371 4293 451 4357 Fast.
473 4294 509 4368 11,
531 4316 557 4356 v.
582 4296 641 4357 105
657 4330 712 4369 -‚
746 4296 798 4357 sed
820 4294 991 4357 subveniam
1018 4302 1121 4374 poetae
1142 4293 1299 4355 commoda

156 4392 335 4456 mutatione:
