2902 5040
660 296 882 360 -40..

200 494 286 539 mena
314 476 393 556 quod
423 474 599 555 opusculum
628 473 675 536 bis
697 473 832 536 versibus
855 472 926 533 satis
951 470 1129 551 elegantibus
1151 467 1344 530 terminatum

199 576 302 638 luerit:

302 674 359 734 Tot
379 688 506 733 numero
529 671 640 751 talique
662 671 737 733 deus
759 670 916 732 simulacra
939 668 1033 746 figura

300 771 444 850 Imposuit
466 769 556 843 caelo,
576 788 688 849 perque
711 777 790 830 atras
814 785 915 847 sparsa
941 765 1080 827 tenebras

300 868 380 930 Clara
405 868 564 947 pruinosae
587 868 675 929 iussit
698 868 767 929 dare
789 867 901 928 lumina
925 865 1015 925 nocti.

198 998 295 1060 Sonus
319 997 490 1059 Ouidianus.
527 997 650 1075 Figuras
674 1007 822 1059 astrorum
845 996 999 1056 simulacra
1022 995 1069 1056 ille
1092 993 1184 1077 etiam
1203 991 1270 1053 alibi
1292 1010 1345 1050 vo-

198 1097 282 1170 cavit,
305 1095 426 1157 unicum
452 1096 531 1156 bunc
553 1094 652 1156 locum
678 1092 956 1167 cicumeuntes,
979 1092 1029 1154 ubi
1044 1091 1176 1153 Phaeton
1200 1110 1255 1170 per
1277 1109 1345 1150 cae-

198 1195 259 1256 lum
284 1193 410 1274 agitatns
433 1192 514 1255 videt
536 1202 685 1255 vastarum
715 1194 871 1255 simulacra
898 1192 1046 1265 terarum,
1074 1191 1131 1252 boc
1153 1197 1200 1250 est
1220 1190 1345 1258 leonem,

199 1311 308 1365 ursam,
331 1292 502 1365 draconem,
524 1292 674 1372 pistricem
698 1293 723 1353 si
747 1311 818 1372 quas
835 1290 904 1352 alias
919 1291 1021 1352 babes.
1059 1289 1221 1351 Addendns
1244 1293 1345 1377 antem

198 1392 280 1452 locus
303 1390 408 1451 tertius
431 1389 502 1463 erit3
528 1390 655 1451 Ariadne
676 1391 707 1451 in
729 1389 892 1451 Heroidll
913 1408 940 1449 v.
957 1387 1071 1468 81sqq.
1095 1387 1177 1448 mille
1199 1384 1346 1466 pereundi
1447 1413 1449 1416 ·

198 1490 305 1568 figuras
328 1488 422 1550 videt:
451 1488 476 1549 si
498 1506 578 1550 mare
601 1487 815 1568 prospiciebat,
842 1487 955 1566 phocae
978 1487 1146 1559 minantur,
1176 1485 1344 1554 situram,

199 1585 261 1669 lupi
284 1587 383 1648 leones
406 1586 539 1664 tigrides.
583 1587 720 1666 Pergitur
743 1606 770 1647 v.
787 1584 845 1648 95:
1344 1594 1347 1607 ·

323 1700 325 1705 ’
396 1701 516 1762 Caelum
538 1699 684 1762 restabat:
708 1700 800 1760 timeo
824 1698 979 1761 simulacra
1003 1699 1135 1759 deorum.

199 1810 300 1892 ltaque
317 1811 421 1873 mundi
437 1810 577 1892 tripartiti
591 1811 706 1872 caelum
728 1811 867 1872 omittere
882 1811 978 1872 noluit
992 1817 1089 1891 poeta,
1113 1809 1150 1870 cf.
1167 1811 1229 1872 Art.
1245 1809 1271 1869 ll
1287 1808 1344 1870 37:

198 1909 297 1972 Restat
317 1914 371 1971 iter
395 1909 474 1971 coeli.
520 1909 578 1970 Sed
601 1907 758 1971 simulacra
785 1910 903 1971 deorum
923 1908 1064 1981 absurda3
1087 1909 1157 1988 qnid
1181 1908 1261 1970 enim
1284 1898 1348 1969 sta-'

198 2017 267 2072 tuae
289 2009 326 2070 ad
348 2005 484 2070 caelum?
507 2008 578 2088 quid
594 2008 630 2068 ad
646 2005 811 2071 timorem?
838 2010 951 2071 Sensus
977 2007 1026 2067 bic
1048 2006 1146 2086 potius
1169 2005 1226 2067 fuit
1240 2025 1346 2086 quam-

156 2090 161 2099 *
197 2106 241 2167 vis
263 2106 400 2184 frigidus:
429 2106 542 2167 caelum
572 2105 672 2167 videre
698 2107 844 2168 restabat:
874 2106 1001 2167 sed-vel
1029 2103 1229 2167 simulacra
1255 2103 1345 2165 timeo

198 2203 337 2266 terarum.
375 2204 477 2283 ltaque
499 2211 550 2264 aut
572 2204 729 2266 umotacra
751 2205 866 2266 leonum
890 2204 1015 2266 restitue
1037 2209 1088 2264 aut
1110 2203 1240 2265 acutius:
1263 2205 1345 2263 timeo

197 2301 355 2365 simulacro
370 2305 522 2377 timorum
546 2303 741 2382 nequeenim
762 2301 810 2363 bic
832 2321 914 2364 error
937 2301 1136 2376 librariorum,
1160 2302 1211 2362 sed
1227 2296 1347 2382 stupida

198 2399 464 2484 interpolatioest.
502 2399 636 2480 Denique
657 2401 745 2478 etiam
764 2401 813 2462 hic
834 2410 913 2463 astra
932 2400 1087 2484 simulacra
1104 2400 1253 2462 dicuntur.
1289 2400 1346 2481 Ce-⁴

197 2507 294 2566 terum
318 2515 553 2560 commemorare
584 2500 637 2561 bas
661 2499 805 2561 Ariadnae
827 2500 964 2578 querelas
995 2505 1187 2580 praepostere
1217 2500 1344 2580 scriptas

197 2614 259 2657 non
274 2595 358 2658 decet
380 2595 440 2657 nisi
465 2605 499 2657 ut
521 2597 558 2659 de
574 2617 642 2659 vero
658 2605 740 2658 statu
764 2598 821 2658 loci
844 2599 889 2659 vel
904 2607 1128 2660 transcurrente
1144 2597 1345 2678 disputatione

199 2693 356 2754 monearis.
400 2694 472 2756 Post
488 2715 515 2756 v.
532 2695 572 2757 87
595 2695 746 2758 intercidit
768 2704 818 2757 aut
844 2696 910 2778 plns
932 2706 983 2758 aut
1001 2716 1080 2758 unus
1104 2696 1207 2758 saltem
1236 2703 1344 2777 penta-

198 2798 294 2854 meter
322 2810 381 2872 quo
407 2791 502 2872 pisces
529 2804 646 2874 praeter
671 2795 780 2875 phocas
807 2795 895 2856 etiam
923 2795 971 2856 alii
999 2794 1223 2857 inducebantur.
1267 2792 1343 2879 Tum

199 2889 402 2970 sequebantur
424 2910 468 2952 vv.
492 2891 637 2955 93-98.
688 2893 773 2954 Tunc
800 2894 973 2954 hexameter
1001 2892 1109 2954 excidit
1137 2909 1230 2963 unus,
1257 2880 1348 2973 quem
1438 2950 1440 2952 ,

198 2985 384 3067 excipiebant
400 3008 444 3049 vv.
460 2985 594 3051 88-92.
623 2990 747 3064 'Quibus
768 2991 867 3053 statim
892 2991 1031 3052 adnexuit
1053 2997 1140 3070 poeta
1164 3009 1282 3053 versum
1305 2989 1345 3052 99

199 3094 228 3148 et
251 3086 413 3167 sequentia.
459 3087 550 3149 Cuius
577 3090 725 3150 rationem
753 3089 855 3151 iudicii
883 3089 941 3150 mei
969 3096 1003 3150 ut
1029 3088 1166 3168 explicari
1190 3089 1259 3151 huic
1280 3089 1345 3151 loco

197 3202 304 3263 parum
328 3184 480 3256 convenit,
510 3186 550 3248 ita
573 3185 668 3266 ipsam
694 3206 726 3249 se
754 3187 808 3249 tibi
831 3187 996 3249 'oblaturam
1020 3207 1085 3249 esse
1107 3205 1205 3268 spero.
1229 3188 1344 3273 7¹³¹·

197 3290 294 3342 terum
317 3282 596 3347 Phaenomenorum
622 3287 791 3367 compendii
822 3291 1022 3367 fragmentum
1045 3285 1123 3367 apud
1145 3283 1276 3347 Probum
1300 3297 1346 3349 est

198 3376 234 3464 ad
254 3379 361 3458 Vergili
385 3379 490 3461 Georg.
506 3381 519 3442 l
537 3380 612 3444 138:
636 3383 756 3446 Ouidius
778 3387 809 3446 iu
831 3384 881 3447 Pb.
905 3387 1000 3447 dicens
1023 3386 1056 3446 de
1078 3384 1195 3446 Perseo:

363 3491 494 3553 Pleiades
518 3501 586 3556 ante
609 3513 703 3574 genus
727 3503 840 3576 septem
863 3497 977 3558 radiare
999 3497 1138 3558 feruntur

364 3588 422 3651 Sed
446 3598 545 3653 tamen
568 3603 691 3673 apparet
712 3595 769 3656 sub
793 3613 883 3675 opaca
905 3595 1028 3676 septima
1053 3593 1142 3656 nube

198 3712 323 3776 Radiant
352 3714 463 3777 scilicet
492 3723 561 3778 ante
592 3718 692 3781 Persei
726 3738 803 3798 genu
833 3721 981 3784 laevum
1010 3720 1095 3793 Quod
1124 3719 1150 3780 si
1177 3717 1348 3779 indubitata

197 3811 282 3874 lectio
306 3831 396 3892 penus
411 3823 465 3886 est,
489 3817 692 3895 reputandum
707 3836 843 3898 propono
870 3820 950 3900 quod
967 3818 1067 3880 Cicero
1084 3836 1202 3897 quoque
1225 3816 1349 3896 scripsit¹

198 3908 228 3971 in
253 3911 367 3972 Arateis
390 3931 416 3972 v.
434 3911 491 3973 27:
515 3914 550 3976 At
568 3926 687 3994 propter
710 3918 824 4002 laecum
843 3936 933 3997 pecus
957 3916 1081 3991 (Persei)
1105 3920 1184 3978 ouant
1202 3933 1241 3974 err
1259 3923 1345 3993 parto

199 4007 307 4074 locutas
329 4008 439 4072 Parvus
461 4011 600 4090 Vergilius
623 4033 685 4093 eqs.
709 4013 758 4093 (cf.
775 4015 883 4077 ibidem
905 4035 932 4077 v.
948 4015 1017 4094 45);
1039 4015 1109 4093 tingi
1132 4020 1231 4093 potest
1251 4012 1345 4089 igitur

198 4105 344 4170 Nasonem
367 4108 587 4172 adulescentem
611 4112 643 4173 in
666 4113 736 4173 ludo
759 4115 915 4176 rhetorum
938 4114 1047 4175 artiore
1074 4113 1168 4192 spatio
1187 4111 1343 4175 :Ciceronis

199 4220 274 4284 opus
299 4207 568 4286 comprehendisse.
608 4210 694 4271 Certe
716 4230 784 4272 cum
800 4212 995 4292 provectioris
1017 4211 1087 4278 artis
1103 4209 1344 4291 operibus-istud

199 4304 339 4381 componi
362 4306 538 4384 opusculum
555 4308 657 4370 nolim.
674 4342 714 4354 -
737 4311 834 4390 Atque
849 4309 1207 4372 adulescentiacalternm
1224 4326 1344 4389 quoque

200 4402 374 4479 opusculum
397 4405 546 4484 estquod
570 4407 604 4467 ad
633 4406 731 4468 studia
752 4427 852 4477 severa
877 4409 968 4488 magis
989 4426 1078 4487 quam
1100 4407 1135 4468 ad
1158 4406 1257 4468 lusum
1281 4406 1345 4467 ele-
