2902 5040
676 308 918 373 -142-

223 484 392 547 Piscium
447 471 591 548 diversa
641 503 777 565 genera
803 483 852 545 dr.
870 482 964 547 tddd
981 482 1116 564 28sqq.:
1135 481 1216 545 τῶν
1230 477 1291 562 μὲν
1306 473 1367 574 οὖν

224 598 295 644 non
323 590 459 645 coeunt
484 591 638 663 praeter
666 602 778 664 squa·
806 577 916 644 ἄλλον
942 575 1096 659 ἰχθύαν
1207 576 1299 664 ῥίνη
1327 576 1366 643 dl

223 681 334 743 tinam
364 688 398 743 et
426 679 540 743 raiam
569 700 608 742 ex
639 681 779 762 quibus
807 678 899 743 δοκεῖ
925 676 1274 764 (σονδοάζεοθαο)
1300 723 1308 741 .
1333 725 1364 740 ..

224 778 533 858 nasciturpriore
552 789 659 860 parte
681 778 780 843 raiae
807 777 875 841 καὶ
902 775 1035 859 βάτος.
1067 777 1137 841 ἔστι
1153 774 1214 859 γάρ
1235 799 1286 851 τις
1312 777 1366 857 lp·

224 878 780 959 (posterioresquatinaezhaec
808 874 873 950 dulc
901 873 936 951 ὃς
965 876 1158 940 καλεῖται
1194 874 1366 960 ῥινόβα-

223 977 331 1056 quippe
352 975 388 1039 ab
411 977 469 1039 hoe
496 978 561 1038 loco
584 995 646 1040 non
674 977 779 1040 abesse
806 993 887 1048 τος·
913 973 978 1055 ἔχει
993 976 1055 1058 μὲν
1072 974 1133 1059 γὰρ
1148 973 1294 1059 κεφαλὴν
1309 975 1366 1039 καὶ

223 1075 357 1155 potuisse
384 1075 431 1137 vel
457 1094 554 1138 sermo
577 1076 702 1156 clamat)
724 1075 779 1138 si·
807 1070 1106 1159 ταέμπροσθεν
1120 1072 1242 1156 βάτον
1262 1072 1310 1138 τὰ
1328 1070 1364 1138 d'

224 1172 324 1235 milis
361 1182 397 1236 et
429 1192 562 1237 nomen
599 1195 639 1238 er
676 1182 781 1237 utro·
807 1169 992 1236 ὄπισθεν
1028 1171 1143 1258 ῥίνης
1180 1195 1223 1247 ας
1251 1169 1366 1251 μονό-

225 1291 295 1354 que
368 1273 612 1354 compositum
684 1273 780 1355 apud
807 1293 926 1355 μενος
955 1269 996 1345 ἐξ
1024 1267 1266 1356 ἀμφοτέρων
1290 1270 1366 1337 τού·

226 1370 387 1434 Graecos
409 1373 538 1436 trahit.
808 1393 881 1435 των.

308 1501 417 1585 inserit
437 1502 541 1565 exinde
564 1503 676 1565 Plinius
709 1502 841 1583 pluscule
863 1520 956 1582 pauca
979 1520 1053 1583 quae
1076 1503 1153 1583 epud
1176 1501 1365 1565 Aristotelem

226 1618 287 1662 non
308 1609 379 1664 sunt
401 1609 429 1663 et
445 1616 519 1682 quae
534 1601 570 1662 de
585 1601 716 1682 piscihus
731 1600 805 1662 lalso
821 1600 914 1680 accipi
929 1609 959 1663 et
974 1619 1045 1664 voce
1060 1602 1200 1682 pecodum
1221 1600 1368 1664 evincitur

225 1696 307 1778 (nem
328 1700 423 1779 pisces
445 1701 562 1781 petulum
582 1700 763 1776 dicerentur)
799 1708 829 1762 et
852 1718 886 1762 eo
909 1700 988 1781 quod
1011 1711 1112 1781 postea
1134 1701 1204 1781 lupo
1227 1699 1368 1761 trichiae-

225 1815 283 1877 que
294 1801 416 1879 piscium
431 1800 586 1879 genetivus
602 1798 777 1880 adponitur3
799 1797 851 1858 sed
873 1797 941 1859 teliu
956 1797 1029 1859 hacc
1043 1806 1114 1861 sunt
1129 1816 1204 1878 quae
1227 1799 1316 1860 etiam
1336 1799 1367 1860 in

225 1905 302 1959 terra
318 1908 491 1974 occurrant;
512 1914 606 1980 quare
620 1897 795 1978 lugendum:
817 1895 967 1969 Quaedam
983 1907 1108 1977 tempore
1123 1901 1197 1960 cont
1206 1901 1368 1978 pu'pnuutur

224 2008 250 2060 ct
263 2002 295 2060 iu
308 1999 434 2070 damme
456 2010 489 2061 ut
513 2003 652 2061 stetero:
674 2014 784 2060 uermes
803 1999 925 2076 pectines
950 1996 1063 2058 tumaces
1083 1996 1243 2072 dirodinum
1268 1996 1371 2058 eodem

224 2106 349 2177 tempore
382 2107 559 2161 evanescunt.
604 2097 681 2159 Tum
714 2111 784 2158 vero
812 2096 848 2158 ad
875 2096 954 2158 aliud
976 2095 1141 2158 Aristotelis
1173 2102 1261 2176 ceput
1294 2110 1366 2176 pro·

225 2196 368 2258 curritur:
462 2249 465 2256 .

225 2308 352 2370 Piscium
394 2309 505 2389 lupus
543 2317 577 2369 et
620 2306 779 2369 trichias
806 2298 1365 2390 ptttntsqchtdppaeod-

224 2406 279 2468 bis
302 2424 399 2469 anno
422 2408 521 2487 parit
543 2415 577 2468 et
603 2404 780 2468 saxatiles
806 2422 861 2477 τος
886 2401 924 2465 dd
950 2398 1002 2478 δίς
1030 2401 1156 2468 τούτων
1180 2400 1282 2486 μόνος
1312 2400 1364 2483 (sc

224 2522 345 2580 omnes3
376 2504 477 2566 mulli
499 2513 558 2566 ter
583 2504 668 2585 (haec
693 2503 780 2567 lectio
806 2503 970 2578 τίκτει),
1000 2504 1127 2580 γίνεται
1156 2495 1193 2566 d'
1222 2497 1241 2567 ὅ
1270 2501 1366 2579 τόκος

224 2598 396 2666 Aristoteles
412 2602 585 2685 comprobat
601 2622 690 2685 quam
706 2604 778 2666 falso
806 2595 894 2676 αὐτῷ
920 2596 940 2663 o‘
961 2595 1095 2684 ὕστερος
1114 2595 1365 2686 ἀσθενέστερος.

224 2701 332 2766 reiecta
354 2721 370 2766 a
392 2701 461 2765 viris
485 2698 577 2766 doctis
600 2702 650 2783 sit)
807 2697 871 2761 sol
887 2693 907 2762 o‘
921 2699 1079 2783 τριχίας
1094 2695 1130 2762 δὲ
1149 2696 1217 2762 καί
1232 2698 1279 2762 τὰ
1294 2721 1366 2764 πε-

257 2807 259 2809 ’
805 2805 927 2882 τραία
942 2793 1365 2882 δίς,ἦδὲτρίνλημόνη

805 2891 895 2980 τρίς.
930 2898 1162 2981 τεκμαίρονται
1186 2892 1219 2960 d’
1246 2895 1282 2960 ἐκ
1308 2897 1368 2962 τοῦ

806 2991 919 3073 μόνον·
935 2994 1006 3080 τρὶς
1019 2993 1083 3079 γὰρ
1098 2998 1253 3080 φαίνεται
1269 2991 1290 3062 ὅ
1303 2992 1364 3076 μα’-

393 3169 396 3172 ⁴
805 3114 861 3168 νος
877 3097 954 3178 περί
968 3116 1061 3168 τινας
1075 3091 1210 3168 τόπους.

224 3215 263 3270 ut
278 3206 433 3282 chalcis3
455 3205 598 3286 cyprini
617 3206 779 3282 seriens3
806 3225 835 3287 p.
851 3207 944 3270 tuen
963 3206 1015 3270 18:
1042 3205 1185 3286 χαλκὶς
1210 3205 1249 3271 dd
1262 3210 1366 3271 τίκτει

806 3307 892 3389 τρίς
909 3306 976 3370 etd
994 3303 1046 3368 16:
1063 3307 1211 3370 τίκτουσι
1227 3302 1260 3369 δ’
1277 3304 1314 3370 ἐν
1328 3307 1366 3392 τῇ

807 3399 1000 3489 καθηκούσῃ
1014 3398 1083 3489 ὥρᾳ
1098 3413 1295 3490 κυπρῖνος
1307 3404 1366 3488 μὲν

806 3498 964 3577 πεντάκις
979 3499 999 3586 ἢ
1015 3499 1163 3579 ἑξάκις.

223 3627 325 3707 ltaque
345 3627 469 3690 consilio
490 3627 564 3689 scito
583 3643 646 3689 non
660 3626 746 3690 nuelli
768 3626 823 3690 sote
834 3638 878 3690 ter
898 3628 1042 3708 scriptum
1065 3638 1109 3691 est
1130 3630 1182 3692 sed
1203 3630 1290 3693 mulli
1308 3640 1365 3693 ter:

224 3745 331 3808 nempe
354 3727 508 3789 invenerat
533 3727 679 3807 interpres
706 3726 763 3789 alio
785 3727 849 3790 loco
872 3727 961 3790 etiam
983 3726 1097 3790 chaloin
1120 3737 1166 3790 ter
1186 3729 1365 3809 parientem3

224 3827 281 3888 iam
304 3825 394 3905 igitur
415 3825 485 3887 inde
501 3826 612 3889 chalcin
627 3825 768 3906 particula
788 3836 821 3887 ut
842 3825 936 3889 aliena
959 3845 993 3888 ea
1015 3845 1030 3887 a
1053 3832 1115 3889 tota
1130 3828 1186 3890 hac
1208 3845 1365 3890 enumere-

223 3925 305 3988 tione
327 3924 385 3986 huc
408 3924 547 3996 adseruit,
569 3924 658 3987 simul
677 3924 809 3986 indidem
833 3925 987 4005 cyprinum
1009 3933 1044 3986 ut
1065 3926 1225 4005 adoptaret.
1269 3925 1365 4006 Atque

224 4025 264 4086 ita
287 4024 334 4086 ille
350 4023 401 4105 qui
415 4021 489 4084 nihil
511 4023 573 4084 fere
595 4023 771 4086 intendebat
792 4022 851 4085 nisi
872 4040 919 4085 res
942 4022 1036 4086 varias
1059 4043 1094 4086 ex
1108 4024 1268 4087 Aristotele
1292 4043 1363 4088 con·

223 4140 335 4202 gerere.
371 4113 484 4184 Plinius
501 4141 569 4183 vero
585 4121 610 4183 si
625 4112 815 4184 Aristotelem
837 4121 876 4184 ita
898 4131 1001 4185 contra
1017 4141 1049 4185 se
1072 4122 1168 4204 ipsum
1182 4132 1364 4206 pugnantem

224 4229 356 4283 accurata
379 4220 505 4282 lectione
532 4240 566 4283 ac
588 4221 673 4282 docto
695 4220 793 4282 studio
820 4223 1022 4301 comperisset,
1044 4221 1142 4285 nullus
1164 4221 1268 4285 dubito
1292 4224 1364 4304 quin

224 4328 379 4399 peccatum
402 4319 512 4383 summi
534 4320 588 4382 viri
610 4340 626 4382 a
648 4339 680 4381 se
701 4303 853 4382 detectum
876 4310 1080 4384 ostentaturus
1101 4319 1200 4382 luerit.

224 4432 453 4512 scorpiones
493 4433 542 4507 (ita
580 4431 782 4505 scribendum,
806 4451 834 4513 p.
862 4432 953 4495 etet
981 4433 1015 4492 7:
1046 4426 1065 4494 ὁ
1094 4429 1136 4495 dt
1165 4432 1364 4514 σκορπίος
