2902 5040
587 255 830 319 -167-

719 428 907 512 ποικιλίᾳ
927 431 993 494 καὶ
1010 432 1280 515 σχηματισμῷ

719 532 768 605 (ol.
781 550 844 612 oap.
858 532 911 594 18:
928 527 1089 614 διάφοροι
1101 529 1122 593 d
1128 528 1138 552 '
1151 527 1187 593 ai
1200 552 1278 595 noo—

719 627 809 691 κίλαι
826 629 881 692 καὶ
898 626 1122 715 στρογγύλαι).

136 775 209 836 liene
231 781 353 837 moturos
375 775 496 847 Plinius,
520 774 571 837 uhi
592 779 714 839 minores
736 778 799 858 ipse
821 787 941 852 auctora
961 782 1061 840 tamen
1085 778 1165 858 quod
1187 779 1277 841 resti·

134 872 279 936 tuendum
293 876 419 935 οιίιιονοο
430 873 525 935 Plinio
538 874 738 937 Schneiderus
754 875 853 948 edixit,
868 875 970 938 diliido
983 874 1153 951 violentiam
1172 893 1277 956 super-

134 981 181 1034 est
204 982 236 1034 ut
258 969 327 1034 olim
350 970 381 1034 in
403 972 536 1053 exemplo
558 990 661 1052 graeco
683 974 798 1056 μοίοος
819 975 964 1056 scriptum
986 972 1080 1038 luisse
1103 983 1232 1038 uuluam
1245 975 1276 1037 id

133 1072 212 1150 quod
241 1088 295 1151 pro
322 1065 455 1151 μείζους
482 1070 572 1151 accipi
599 1071 684 1133 focile
711 1081 836 1153 poterat.
880 1072 1018 1136 Ceterum
1046 1074 1123 1135 inter
1144 1075 1221 1135 leves
1244 1091 1278 1136 ao

133 1169 250 1232 striatas
278 1166 447 1231 distinxisse
475 1168 563 1231 otium
593 1169 742 1251 Diphilum
770 1178 799 1234 et
821 1172 972 1234 llicesinm
993 1172 1163 1235 Athenaeus
1193 1168 1276 1235 testis

132 1262 333 1350 mpffld

131 1416 301 1478 ooehloe:
374 1412 502 1494 quorum
571 1416 688 1494 generis
717 1414 854 1500 oap.23:
884 1415 1050 1498 κοχλίαι
1167 1415 1209 1481 τὰ
1238 1414 1276 1481 δὲ

130 1513 402 1596 pentadaotyli‚
440 1514 510 1577 itern
548 1513 688 1576 helices
716 1513 839 1581 τούτων
854 1511 927 1601 εἴδη
942 1515 979 1580 τὸ
994 1514 1055 1600 μὲν
1075 1515 1276 1601 ἐπίμηκες

131 1613 181 1693 (ab
202 1614 266 1675 aliis
289 1613 561 1693 actinophoroe
584 1612 688 1676 dicun·
717 1611 793 1700 ὅτῳ
819 1616 877 1697 (vel
893 1609 992 1693 οὕτω)
1017 1615 1073 1678 καὶ
1097 1616 1182 1698 (num
1197 1617 1275 1679 forte

129 1711 690 1794 tur)quibusradii30antant...;
717 1708 757 1780 οὗ
785 1715 831 1799 τῷ
860 1711 1007 1798 κέρατιῗ)
1043 1712 1275 1793 σάλπιγγος

130 1821 212 1875 entra
240 1814 312 1874 haee
338 1822 409 1874 sunt
441 1813 624 1875 rotundae
657 1813 688 1874 iu
717 1813 839 1898 δίκην
881 1811 1114 1895 ἐμφυσῶσι,
1158 1804 1194 1877 τὸ
1236 1810 1274 1875 δὲ

130 1911 270 1974 oleario
293 1931 356 1973 usu
380 1911 502 1974 cocleae.
717 1907 975 1997 στρογγύλον
1012 1905 1037 1996 ᾥ
1072 1908 1274 1975 τοῦλαιον

714 2004 893 2091 ἄναχίοοσι
909 2057 917 2074 .
934 2057 941 2074 .
958 2058 965 2073 .
982 2057 989 2072 .
1006 1999 1039 2074 oi
1054 2003 1092 2073 δὲ
1118 2029 1272 2073 πεντα-

714 2103 1272 2192 δάκτυλοιόξνπύθμενοίττ
1316 2157 1319 2165 .

713 2207 848 2283 ἕλικος
874 2204 894 2293 ἢ
920 2199 1187 2293 ολκτινοφόροι
1209 2196 1270 2272 ὕπ’

712 2300 821 2372 ἄλλων
836 2303 1029 2392 κληζόμενοι
1045 2296 1270 2392 οἷσαρκαίτεροι

711 2403 1268 2488 mwmfflmwm

712 2509 816 2570 tiaturu
832 2525 957 2588 prorsus
973 2507 1131 2569 barbarum
1147 2504 1269 2569 strenue

711 2607 908 2670 ordinandum
924 2607 1003 2683 ruit).

125 2756 228 2818 Verbis
260 2757 360 2837 quibua
381 2759 461 2818 rodii
486 2751 715 2837 ὄξοπιίθμενοι
742 2754 846 2815 relerri
874 2755 905 2815 in
927 2755 1082 2835 propatulo
1106 2762 1161 2826 est,
1195 2754 1265 2814 item

125 2857 160 2917 ad
183 2865 300 2919 coartent
321 2857 431 2936 requiri
453 2857 626 2928 ablativum
661 2870 718 2934 qua
745 2854 782 2915 de
805 2871 889 2914 eausa
913 2854 1063 2915 eiecerunt
1084 2854 1169 2922 rodii,
1192 2872 1264 2933 per-

124 2972 213 3027 verse,
247 2970 310 3016 renr
333 2955 359 3016 si
385 2966 516 3036 spectem
549 2954 715 3015 Xenocrate
738 2951 812 3014 duee
835 2953 953 3033 expleo:
987 2963 1105 3015 contorte
1131 2953 1264 3032 ohlooyis.

122 3051 254 3135 [lenique
278 3070 457 3134 magnopere
481 3047 681 3114 memorabilia
704 3050 829 3113 varietas
857 3051 1020 3131 scripturae
1042 3047 1182 3127 κοχλίαι,
1211 3050 1262 3112 ubi

123 3151 231 3215 στολίσι
253 3154 363 3216 latinus
387 3171 446 3235 quo
469 3153 568 3214 minuas
592 3152 734 3213 usitatum
757 3170 791 3212 eo
814 3152 940 3230 gravius.

121 3319 276 3382 orcynus
304 3299 352 3364 hio
374 3311 420 3365 est
441 3301 678 3383 pelamydum
706 3320 769 3381 cap.
793 3297 849 3361 33:
879 3294 1051 3382 ὄρκυνος
1078 3294 1266 3380 πηλαμύς

119 3401 234 3478 generis
268 3402 461 3474 maximus,
494 3398 582 3462 nec*
616 3401 678 3482 ipse
705 3389 964 3480 ἕστιμτγοίλη,
989 3394 1040 3479 μη
1062 3391 1266 3480 ὑποστρέ-

119 3496 218 3561 redit
244 3500 280 3560 in
306 3498 503 3570 Maeotim,
536 3495 677 3561 similis
705 3510 840 3581 φοοσα
884 3488 953 3555 ἐπὶ
1008 3490 1077 3579 την
1121 3493 1266 3579 λίμνην

119 3595 655 3672 tritomi‚retustatemelior.
705 3585 816 3677 ίγιης·
858 3587 980 3677 ὁμοίη
1021 3590 1063 3657 δὲ
1092 3594 1145 3679 τῷ
1174 3614 1265 3678 τρι·-

703 3690 810 3778 τόμῳ
846 3690 933 3775 πλην
963 3690 1264 3777 oeconomumque·

702 3785 980 3873 διὸὸπομίνει
1006 3787 1260 3856 παλαίωσιν.

203 3943 415 4008 Turhulentior
448 3949 506 4011 hoe
543 3950 606 4011 loeo
640 3943 750 4006 Corait.
807 3938 1058 4020 Coniuugeudum
1090 3942 1134 4025 μη
1167 3936 1262 4026 ὑγιής

120 4061 211 4106 sensu
239 4052 378 4124 perapt03
411 4045 499 4109 simul
526 4048 607 4128 quod
639 4062 729 4107 sensu
762 4046 844 4102 earet
870 4059 923 4108 roeo
941 4045 1000 4122 ι’μιο
1026 4043 1103 4122 apud
1132 4043 1261 4106 Plinium

116 4142 206 4214 (vario
222 4143 323 4206 lectio:
339 4163 391 4205 noo
402 4146 490 4224 pino),
505 4147 578 4209 haec
590 4143 699 4208 erroris
711 4146 832 4221 praesto
843 4149 1010 4204 correctura
1023 4153 1084 4206 est:
1098 4162 1149 4206 nee
1160 4163 1259 4226 sospes

114 4291 237 4357 sarda:
274 4291 314 4353 ita
346 4301 471 4355 uocatur
507 4291 668 4377 pelamys
695 4306 757 4369 oap.
788 4284 845 4350 δίε
890 4285 1016 4377 σάρδα
1058 4289 1248 4378 πηλαμύς

113 4388 216 4469 longa
241 4410 275 4451 ex
299 4411 434 4456 oceano
458 4394 588 4456 veniens.
696 4387 768 4452 ion·
794 4389 997 4477 ἐπιμήκης
1024 4389 1218 4470 ὥκοοίνιος
