2902 5040
571 334 813 397 -111—

118 531 148 591 p.
165 511 229 573 599
244 511 267 572 Β
283 512 323 572 32
351 512 429 590 quod
457 511 625 572 iterandum
646 510 801 590 Oppianus
823 528 883 570 non
911 508 1009 580 duxit3
1038 508 1135 571 latens
1160 507 1270 587 quippe

119 611 181 671 dies
196 614 258 671 lere
278 610 427 688 sexaginta
445 610 593 670 caniculae
608 609 691 670 sidus
707 618 737 669 et
752 607 860 670 rabiosi
876 616 1008 686 tempora
1025 606 1101 685 signi
1116 605 1269 684 fugitabat,
1335 643 1339 649 -

119 709 217 770 sicuti
234 708 347 769 Plinius
362 709 403 768 lll
419 709 459 769 58
480 708 567 769 verba
587 706 752 769 Aristotelis
778 715 918 787 repetens
949 706 983 766 ad
1010 704 1147 782 glaucum
1176 705 1265 767 etiam

119 808 203 869 siluri
230 808 412 869 mentionem
440 807 569 868 adnectit
595 808 645 886 qui
672 805 820 868 caniculae
847 816 914 866 ortu
940 794 1099 875 sideretarss
1132 804 1270 865 similiter

119 907 241 985 triginta
264 906 326 967 dies
350 908 441 967 latent
468 903 601 987 κήρυκες
627 907 716 968 Arist.
733 905 761 986 p.
779 906 841 967 599
868 913 898 966 et
920 898 987 966 ὑπὸ
1018 898 1099 965 κύνα
1121 921 1269 983 purpurae

119 1006 226 1066 Athen.
245 1024 272 1084 p.
290 1004 331 1065 89
344 1005 375 1065 Β.

205 1104 342 1183 Helops
358 1105 506 1183 pretiosus
521 1114 643 1166 vocatur
656 1105 717 1166 Hal.
732 1105 782 1178 96,
799 1104 879 1164 velut
895 1103 954 1163 iam
968 1104 1045 1182 apud
1058 1101 1269 1182 Epicharmum

121 1200 348 1283 πολυτίματος
360 1201 479 1280 (Athen.
491 1201 553 1262 282
566 1203 618 1279 1));
635 1223 718 1264 scaro
736 1203 814 1264 enim
832 1202 886 1281 ipsi
903 1200 1142 1281 anteponebatur
1157 1200 1270 1279 (Xeno-

120 1310 193 1363 crat.
210 1319 274 1380 cap.
295 1302 347 1375 16)
370 1300 551 1381 dabaturque
575 1302 601 1363 ei
624 1303 720 1381 palma
743 1302 857 1382 saporis
877 1300 966 1372 (Prin,
982 1300 1088 1361 XXXll
1107 1299 1196 1379 151);
1218 1301 1269 1362 sed

119 1399 196 1461 Plini
210 1400 271 1461 lere
283 1408 378 1478 aetate
391 1401 443 1474 (lx
459 1401 530 1479 169)
543 1402 691 1481 pretiosus
706 1401 797 1462 luisse
810 1417 871 1461 non
886 1398 1000 1461 videtur
1015 1398 1267 1470 nisilibodiacus3

122 1499 179 1560 boc
205 1499 295 1575 igitur
323 1507 368 1560 est
395 1519 448 1560 cur
468 1500 594 1560 maximo
615 1500 706 1561 falsus
722 1500 844 1560 Ovidius
870 1503 976 1560 uostris
1002 1502 1159 1577 incoquitur
1184 1499 1271 1559 andis

120 1597 281 1669 addiderim
304 1616 374 1659 nam
398 1599 554 1659 Columella
579 1617 699 1678 quoqne
722 1618 785 1679 cap.
804 1599 852 1671 16,
869 1595 904 1659 9;
939 1618 998 1661 noa
1027 1601 1101 1659 enim
1132 1602 1164 1659 ia
1194 1601 1273 1658 ουοιι·
1320 1587 1323 1590 ’

120 1696 219 1775 inquit
245 1700 321 1757 mari
341 1699 433 1775 potest
458 1701 550 1757 omnis
574 1715 631 1758 erse
653 1709 686 1759 ut
700 1697 795 1778 belops
811 1701 861 1778 qui
874 1697 1031 1776 Pamphilio
1050 1696 1202 1775 profundo
1218 1714 1269 1756 aee

120 1796 179 1856 alio
199 1799 341 1874 poscitum
363 1804 394 1856 at
415 1803 518 1856 eontra
533 1796 743 1858 Archestratus
766 1797 835 1856 olim
860 1797 970 1857 clarum
993 1795 1119 1856 babebat
1142 1802 1171 1855 at
1193 1794 1269 1874 apud

120 1896 239 1955 Cretam
270 1894 460 1973 reliquasque
488 1895 602 1956 insulas
627 1904 657 1956 ot
684 1895 836 1974 Syracusis
868 1903 1003 1973 captum3
1041 1893 1158 1972 scripsit
1187 1892 1269 1952 enim

121 1995 240 2069 (Athen.
258 1991 367 2070 30011)
383 1993 422 2055 ita
439 1994 515 2054 lore:

223 2137 280 2201 τὸν
303 2135 336 2202 δ’
360 2135 455 2201 ἔλοπ’
479 2137 563 2200 ἔσθε
585 2135 730 2220 μάλιστα
752 2134 980 2222 Συρακούσαις
1003 2135 1051 2200 ivl
1075 2135 1221 2209 κλειναῖς

223 2228 338 2316 τόνγε
360 2233 628 2319 κρατιστεύονθ’·
653 2228 747 2309 οὗτος
762 2233 825 2319 γὰρ
850 2231 891 2299 αὖ
915 2235 1005 2300 ἐστιν
1027 2234 1159 2298 ἐκεῖθεν

223 2334 282 2419 τήν
304 2332 404 2420 ἀρχὴν
426 2335 578 2414 γεγονώς,
602 2333 729 2398 ἔνθεν
751 2333 812 2398 κᾶν
834 2332 854 2419 ἢ
878 2334 955 2420 περὶ
977 2329 1097 2418 νήσους

224 2431 243 2518 ἦ
266 2436 343 2517 περὶ
366 2429 427 2518 τήν
449 2432 550 2518 ἄλλην
574 2454 639 2496 που
663 2425 731 2519 ἁλῷ
754 2434 814 2518 γῆν
836 2431 856 2516 ἢ
879 2433 956 2520 περὶ
984 2429 1121 2518 Κρήτην,

223 2531 343 2605 λεπτὸς
366 2533 421 2594 καὶ
444 2532 573 2618 στερεὸς
596 2532 650 2595 καὶ
674 2530 889 2617 κυματοπλὴξ
909 2529 1116 2617 ἀφικνεῖται,

122 2684 173 2745 ubi
197 2679 296 2745 ἔνθεν
318 2684 497 2763 interpretor
520 2693 700 2762 quopropter.
747 2683 883 2744 Surrenti
913 2683 1005 2761 magis
1035 2690 1138 2763 captus
1168 2680 1270 2759 helops

123 2782 220 2843 Ennio
236 2783 377 2862 placebat.
411 2782 527 2844 Adsunt
549 2783 639 2842 ctiam
655 2783 731 2861 apud
747 2782 916 2843 Marcellum
940 2779 1057 2855 ἔλοπος
1073 2802 1099 2842 v.
1119 2781 1167 2853 12,
1190 2785 1219 2840 at
1235 2779 1270 2840 ab

124 2881 258 2960 Oppiano
280 2881 470 2952 omittuntur,
493 2882 544 2959 qui
564 2881 665 2960 potius
679 2880 774 2959 pisces
791 2897 895 2941 ornnes
910 2880 995 2941 docta
1016 2880 1132 2959 loquela
1149 2874 1271 2947 ἔλοπος

123 2989 208 3053 vocat
222 2980 248 3039 ll
264 2977 336 3047 658,
352 2981 390 3039 cl.
403 2979 495 3040 schol.
512 2979 545 3039 ad
563 2979 580 3038 l.
597 2987 628 3040 et
641 2980 749 3040 Athen,
761 2998 789 3058 p.
803 2977 865 3040 368
878 2978 910 3051 Β,
924 2978 945 3040 G
960 2978 1078 3056 (similia
1095 2974 1271 3055 Hesychius)

123 3087 154 3140 et
176 3078 356 3140 Nicandrum
374 3079 416 3138 Al.
432 3098 458 3139 v.
475 3077 547 3140 481.
589 3078 658 3139 ldeo
685 3071 788 3157 belops
815 3078 894 3139 idem
922 3097 987 3139 esse
1012 3076 1161 3139 ferebatur
1183 3082 1271 3154 atque

123 3178 241 3240 antbias
256 3175 375 3255 (Athen.
393 3177 455 3238 282
468 3177 513 3256 ll),
537 3177 619 3238 idern
645 3177 796 3239 ferebatur
821 3177 908 3237 etiam
936 3171 1118 3253 κάλλιχθυς
1137 3192 1192 3235 nec
1211 3187 1271 3233 non

124 3272 361 3356 καλλιώνυμος,
384 3276 437 3336 sed
459 3276 656 3337 differentiam
674 3276 850 3354 agnoscebat
864 3274 977 3336 Dorion
1002 3275 1081 3350 (Aah.
1098 3275 1114 3334 l.
1132 3273 1173 3348 1.).
1211 3272 1271 3334 Er-

124 3378 266 3437 stiterant
303 3375 390 3435 etiarn
425 3376 476 3454 qui
510 3376 640 3436 eundem
670 3394 734 3436 esse
771 3374 1032 3454 acipenserem
1069 3373 1271 3437 Romanorum

126 3475 353 3543 existumarent,
380 3483 498 3536 auctore
525 3492 586 3535 non
612 3475 709 3535 solum
731 3473 827 3534 Plinio
842 3474 882 3534 lX
898 3473 937 3534 60
965 3473 1016 3534 sod
1044 3471 1133 3533 etiam
1155 3470 1271 3551 Apione

125 3571 161 3635 ἐν
186 3575 232 3655 τῷ
261 3570 337 3654 περὶ
363 3573 419 3654 τῆς
440 3568 595 3635 Ἀπικίου
620 3571 744 3654 τρυφῆς
765 3573 871 3633 Athen.
892 3592 921 3651 p.
938 3571 1051 3645 294Ε;
1073 3578 1176 3632 contra
1197 3570 1270 3630 adeo

126 3678 177 3732 eos
208 3671 340 3732 diversos
367 3672 475 3734 latinus
502 3679 588 3751 poeta
614 3671 723 3732 iudicat
750 3680 782 3733 ut
808 3671 956 3750 pelagium
982 3671 1117 3743 alterum,
1145 3670 1270 3732 alterum

126 3771 167 3850 (r.
187 3769 259 3845 134)
283 3769 382 3830 herbis
397 3769 555 3850 arenisqne
571 3771 729 3832 laetantem
746 3770 863 3840 scribat,
886 3770 974 3831 simul
997 3778 1096 3832 tamen
1112 3776 1271 3847 utrumque

127 3869 216 3931 undis
237 3869 331 3947 magis
353 3869 517 3948 peregrinis
539 3869 684 3943 nobilem3
706 3877 794 3949 atque
816 3877 1002 3949 postremum
1019 3867 1271 3938 haerebimus,

127 3969 334 4029 rtrcbestratus
351 3969 428 4047 apud
443 3968 549 4029 Athen.
566 3968 663 4030 294E
679 3969 711 4030 in
726 3969 876 4048 praeclara
892 3967 1099 4032 observatione
1123 3967 1270 4032 coenatica

126 4069 286 4130 mustelam
328 4064 469 4143 (γαλεὸν)
511 4068 640 4148 aliquam
682 4068 802 4129 Rhodi
839 4076 953 4148 captam
991 4077 1021 4129 et
1058 4068 1165 4129 dictam
1201 4065 1271 4127 elias

127 4161 284 4228 ἀλώπεκα
313 4165 432 4245 (Athen.
455 4164 515 4225 295
534 4168 571 4242 Α)
608 4166 733 4229 eandem
770 4187 836 4229 esse
865 4167 935 4228 dicit
965 4186 1052 4247 quam
1089 4159 1272 4246 deturpatae

127 4267 345 4340 Romanorum
381 4265 451 4325 binc
480 4265 569 4343 igitur
599 4265 668 4327 satis
698 4266 860 4328 dilucidum
890 4268 937 4336 lit,
968 4284 1020 4328 eur
1050 4266 1137 4326 etiam
1167 4264 1272 4342 helops

128 4365 224 4425 Plinio
241 4363 366 4425 maxime
392 4364 529 4424 laudetur
555 4363 761 4425 erodiacus
779 4365 889 4444 quippe
904 4365 1019 4443 positus
1034 4382 1086 4443 pro
1101 4363 1271 4443 acipensere

127 4461 246 4546 γυλιῷ,
271 4463 322 4523 sed
349 4463 438 4523 etiam
466 4463 494 4524 id
518 4463 678 4543 explicatur
693 4481 746 4524 car
772 4463 870 4524 herbis
887 4464 980 4542 magis
1002 4472 1032 4525 et
1051 4480 1158 4531 arenae
1180 4454 1271 4542 quam
