2902 5040
517 325 835 388 ·-13-

152 506 255 582 ltaque
270 501 410 564 Heinsius
433 502 496 580 ipse
518 518 619 561 verum
644 502 738 562 sensit
759 520 827 562 cum
849 500 993 561 scriberet
1008 503 1043 562 ad
1061 503 1157 563 locum
1179 502 1299 575 „nescio

151 620 188 662 an
221 601 294 662 satis
317 601 434 661 latine“.
479 600 591 660 Tamen
620 609 792 679 corruptum
823 617 885 660 non
913 618 978 662 esse
1011 601 1107 660 locum
1141 601 1300 661 concludas

153 700 193 761 sis
215 700 259 760 rel
283 718 319 759 ex
340 698 539 760 infelicissima
562 698 794 777 ingeniosissimi
818 698 871 758 viri
901 699 1077 759 mutatione:
1108 699 1183 758 dedit
1205 716 1299 768 ormo,

151 799 211 878 fere
246 815 343 859 omnes
372 798 579 876 Admmtue'tque
607 801 660 857 sui.
712 796 813 875 Neque
848 797 926 857 enim
961 797 991 857 in
1018 814 1050 856 re
1084 797 1140 857 ulla
1178 797 1298 856 offensa.

153 899 228 958 Sunt
251 914 324 958 sane
358 914 462 956 omnes
496 895 603 976 quibus
638 913 718 955 arma
752 896 875 966 dentur,
909 895 1008 955 alteris
1041 895 1144 956 dentes
1179 911 1299 964 cornua,

154 994 252 1055 alteris
274 993 342 1071 fuga
364 992 405 1071 (r.
429 994 448 1052 4
472 1002 502 1054 et
524 993 554 1068 6)
579 993 624 1053 rel
645 993 768 1068 astutia:
800 1000 830 1053 et
852 992 969 1071 quidem
994 993 1073 1054 idem
1107 1009 1300 1071 expressurus

153 1101 241 1172 poeta
277 1101 341 1153 erat
374 1092 404 1151 in
438 1111 463 1150 v.
487 1091 528 1151 52
552 1099 700 1170 corrupto,
725 1091 774 1152 ubi
802 1100 961 1171 postquam
996 1091 1098 1152 timida
1132 1091 1300 1169 ferociaque

153 1191 289 1252 distinxit
310 1190 449 1250 animalia
473 1197 559 1269 (quae
583 1189 733 1250 distinctio
754 1189 785 1250 in
814 1190 1009 1268 sequentibus
1043 1208 1162 1269 quoque
1196 1189 1300 1249 obser-

153 1297 251 1349 vatur:
274 1289 363 1349 altera
387 1307 455 1366 pars
477 1307 522 1347 vv.
546 1287 672 1348 53—62
695 1287 824 1358 obtinet,
859 1289 948 1350 altera
972 1308 1016 1349 vr.
1041 1287 1195 1362 63-74),
1229 1287 1301 1348 baec

153 1387 302 1448 sententia
325 1385 502 1448 inmittitur:

254 1523 321 1603 lpse
343 1523 426 1603 sequi
447 1532 553 1585 natura
576 1532 677 1584 monet
699 1525 743 1584 vel
767 1524 934 1587 comminus
956 1525 1010 1585 ire.

154 1675 217 1736 Nisi
245 1675 382 1737 sollemni
415 1675 539 1737 stultitia
571 1676 738 1736 stultiorem
772 1678 820 1737 bic
853 1678 1028 1755 scriptorem
1061 1675 1155 1738 fuisse
1188 1677 1300 1750 credas,

154 1774 253 1852 legere
276 1794 293 1835 e
315 1774 462 1835 contrario
478 1774 673 1835 debebamus:
688 1775 752 1854 ipsa
768 1777 906 1854 aufugere
922 1782 1026 1836 natura
1043 1786 1154 1837 monet.
1199 1776 1301 1854 ltaque

154 1875 236 1951 quoti
266 1889 320 1951 pro
353 1875 436 1950 sequi
465 1880 647 1952 posuerunt:
681 1873 761 1951 quod
790 1873 821 1934 in
842 1873 947 1933 Ouidio
970 1891 1024 1951 ego
1046 1891 1107 1933 non
1131 1873 1301 1944 tolerarem:

154 1972 206 2031 sed
231 1970 320 2031 eliam
355 1988 436 2032 nunc
472 1987 534 2032 non
567 1971 660 2031 tolero
683 1973 829 2051 -quati
862 1971 994 2032 iubeat
1026 1971 1152 2032 fortasse
1185 1979 1300 2043 natura,

154 2069 237 2148 quati
271 2086 427 2129 monere
456 2086 518 2129 non
540 2076 648 2148 potest.
695 2069 843 2141 Quoniam
867 2087 935 2130 uero
958 2070 983 2129 si
1005 2089 1061 2130 vox
1092 2073 1155 2148 apso
1188 2070 1302 2130 deesset

155 2167 229 2228 nibil
252 2167 383 2240 deesset,
413 2176 442 2228 et
463 2167 539 2228 banc
560 2167 659 2247 potius
683 2167 784 2228 falsam
808 2186 872 2228 esse
894 2168 1023 2228 arbitror
1043 2175 1074 2228 et
1096 2168 1217 2228 subesse
1241 2188 1301 2246 quo
1357 2170 1359 2174 ”

153 2264 305 2344 aptissime
326 2264 497 2342 aufugiendi
519 2265 601 2325 notio
624 2266 805 2344 exprimatur
827 2275 888 2327 tute
909 2270 989 2346 sequi
1008 2266 1052 2327 uel
1075 2265 1174 2344 potius
1190 2266 1299 2345 aliquid

155 2363 320 2425 consimile.
364 2362 469 2442 Neque
491 2363 571 2425 enim
593 2363 657 2424 sine
680 2365 777 2444 specie
800 2364 969 2426 conaberis:

256 2489 370 2568 Septa
394 2489 501 2569 sequi
523 2498 627 2551 natura
650 2498 754 2552 monet
774 2492 819 2552 vel
843 2491 1011 2553 comminus
1033 2491 1085 2565 ire,

157 2634 247 2694 modo
270 2650 307 2694 ne
329 2641 428 2714 saepta
450 2634 512 2695 loca
536 2653 590 2713 pro
613 2635 735 2696 stabulis
758 2637 888 2716 accipere
912 2634 982 2694 velis
1016 2633 1068 2694 sed
1101 2651 1154 2712 pro
1187 2631 1302 2711 refugio

158 2732 273 2812 quovis,
295 2738 401 2793 natura
424 2733 504 2811 quod
527 2731 609 2793 aditu
633 2743 737 2794 carcat.

241 2848 302 2909 lam
343 2848 412 2910 dere
443 2866 496 2927 per
529 2865 624 2911 omues
656 2865 718 2910 non
740 2849 833 2926 magis
855 2849 992 2928 puditum
1014 2866 1102 2928 quam
1128 2846 1302 2925 impotentis

158 2956 228 3010 esto.
275 2946 364 3007 Peius
386 2947 475 3009 etiam
498 2948 637 3026 pergitur.
681 2947 755 3007 Nam
785 2948 810 3007 si
844 2946 909 3026 quis
943 2965 1032 3025 qoem
1065 2946 1111 3005 sui
1145 2945 1304 3022 neglegen-

159 3046 266 3106 tiorem
289 3045 348 3105 sui
370 3045 526 3116 admonet,
555 3045 612 3106 boo
633 3045 751 3124 quidem
775 3062 863 3106 nemo
886 3063 947 3105 non
970 3045 1131 3122 intelleget.
1176 3045 1212 3104 At
1235 3061 1303 3104 vero

158 3145 209 3205 ubi
230 3143 363 3204 mundus
386 3161 466 3204 arma
489 3160 543 3222 per
565 3162 669 3204 omnes
692 3144 742 3205 dat
764 3151 793 3204 et
814 3145 860 3205 sui
887 3144 1042 3215 admonet,
1074 3160 1173 3203 seuere
1206 3141 1304 3220 agenti

159 3243 185 3303 id
209 3242 249 3302 ita
274 3241 404 3319 intellegi
426 3249 576 3322 oporteret
598 3243 662 3322 ipso
692 3260 771 3303 arma
804 3243 954 3303 admonita
988 3261 1055 3302 esse
1089 3248 1140 3301 aut
1172 3240 1218 3300 sui
1253 3247 1304 3299 aut

159 3341 280 3414 mundi:
313 3340 413 3400 statim
441 3341 625 3419 praeferetur
652 3340 782 3402 absolute
810 3340 921 3402 dictum
945 3348 1064 3419 putare:
1099 3338 1231 3398 mundus
1258 3337 1305 3397 sui

159 3438 314 3500 admonuit
335 3472 377 3482 -
398 3439 553 3500 cuiusnam
576 3436 689 3517 igitur?
713 3440 826 3500 muudi.
871 3436 1164 3517 lleniqueviolentia
1187 3453 1304 3496 summa

160 3544 341 3616 agnoscetur
369 3555 426 3615 qua
456 3538 628 3599 reflexivum
662 3555 830 3616 pronomen
860 3537 999 3598 iubemur
1027 3552 1089 3596 non
1117 3535 1153 3596 ad
1183 3533 1302 3594 subiec-

160 3643 224 3698 tum
258 3635 309 3696 sed
343 3634 379 3695 ad
413 3635 562 3697 obiectum
596 3637 763 3698 sententiae
796 3637 925 3709 trabere,
968 3653 1060 3716 quum
1101 3642 1201 3694 tamen
1242 3649 1304 3693 non

160 3733 238 3795 adsit
261 3733 418 3794 obiectum.
462 3734 560 3795 Etiam
587 3735 642 3796 bac
673 3734 763 3813 igitur
796 3734 929 3795 videlicet
961 3733 1065 3794 eadem
1100 3731 1305 3792 observatione

160 3838 315 3911 permotus
337 3830 475 3892 Heinsius
506 3833 657 3911 desperata
683 3833 730 3893 illa
752 3833 932 3911 periclitatus
956 3831 1123 3892 coniectura
1146 3838 1200 3891 est.
1245 3830 1305 3890 Nos

161 3931 206 3990 vel
228 3929 373 3992 incuriam
401 3929 445 3989 vel
467 3929 596 4009 inopiam
625 3931 777 4011 scriptoris
798 3931 964 4011 perspicere
983 3930 1145 4008 coepimus.
1189 3928 1305 3989 Senum

162 4028 290 4089 fortasse
313 4028 446 4108 captabat
460 4027 673 4090 Ouidianorum
696 4036 829 4092 locorum
852 4047 887 4090 ex
903 4030 999 4090 Ponto
1014 4028 1053 4089 lll
1069 4028 1099 4101 5,
1123 4025 1171 4087 38.
1216 4026 1305 4088 'frist

161 4127 185 4188 V
207 4126 236 4201 3,
260 4127 311 4186 51.
335 4127 347 4186 Ι
370 4128 399 4200 7,
423 4127 473 4187 26.

249 4241 391 4320 Sequitur
413 4242 443 4303 in
464 4262 490 4302 v.
509 4243 542 4304 2:
571 4245 678 4304 uitulus
699 4247 738 4304 eie
757 4262 880 4323 reumque
900 4247 1038 4304 minutor.
1090 4220 1193 4319 Neque
1225 4241 1304 4301 enim

164 4339 241 4400 aliud
281 4340 442 4419 quidquam
483 4361 519 4402 ex
553 4342 681 4403 lectione
716 4342 954 4403 vindobonensis
994 4341 1060 4401 libri
1098 4339 1308 4400 extricabitur:

164 4441 202 4498 sie
233 4456 357 4518 mecam:
394 4443 538 4511 minutor,
574 4457 640 4501 cum
679 4439 829 4501 Parisinus
866 4439 985 4502 babeat:
1023 4457 1074 4519 que
1109 4455 1201 4498 mono
1237 4458 1304 4518 que-
