2902 5040
603 324 848 391 -175—

236 501 349 581 pthir.
387 501 493 584 φθείρ
510 545 518 563 .
533 547 542 565 ,
560 547 566 562 .
584 498 638 565 καὶ
663 493 763 580 ἰχθύς
781 522 846 578 τις;
869 504 904 565 cf.
921 499 1048 562 Marcelli
1066 499 1183 565 Sidetae
1203 520 1228 561 v.
1246 499 1294 562 86.

153 599 274 678 Ignotus
297 599 410 672 Plini03
443 599 594 666 Aristoteli
625 600 720 663 semel
753 600 883 680 tangitur
906 619 935 680 p.
957 599 1049 661 557Α
1066 599 1115 660 30.
1159 599 1297 665 Eundem

151 697 318 778 pediculum
343 698 491 762 marinum
516 718 580 763 esse
603 698 679 761 l‘lln.
696 698 802 763 llxxn
819 699 869 763 77.
887 696 928 759 89
951 698 1150 760 coniecerunt.

236 816 377 879 passer.
422 797 549 880 ψῆττα·
574 794 733 877 ἰχθύδιον
754 798 819 860 τῶν
841 793 994 858 πλατέων
1017 791 1036 878 ἡ
1059 796 1180 878 ψῆττα.

236 896 435 976 pastinaca.
492 892 632 978 τρυγών·
669 893 767 976 ἰχθύς
800 891 990 969 θαλάσσιος
1025 886 1060 976 ἧς
1092 894 1129 958 τδ
1164 896 1296 976 κέντρον

151 986 363 1078 δηλητήριονς
386 1004 417 1056 et
438 994 576 1077 τρνγῶς·
601 992 689 1069 εἰδος
713 993 846 1072 ἰχθύος·
869 990 888 1079 ἢ
912 991 1000 1066 εἶδος
1022 994 1185 1076 φθειρῶν.

235 1094 458 1174 polyporum
481 1113 628 1174 genera.
674 1091 876 1166 πολύποδες·
900 1090 990 1173 εἶδος
1013 1088 1140 1171 ἰχθύος.

236 1193 344 1253 rhine
360 1211 430 1257 vero
447 1194 494 1254 rix
508 1195 539 1256 iu
554 1195 681 1256 lectione
697 1193 744 1255 illa
757 1193 911 1273 desperata
923 1198 1114 1273 agnoscetur:
1133 1182 1295 1271 πελάγια·

150 1289 191 1353 τά
214 1286 369 1373 κρόταλα·
393 1289 411 1375 ἡ
436 1289 473 1354 δὲ
496 1290 585 1375 ῥίνας
601 1292 759 1369 πελαγία,
783 1291 834 1355 ubi
850 1291 1004 1357 masuras:
1029 1287 1061 1353 oi
1084 1287 1121 1353 δὲ
1137 1287 1209 1372 ῥίνη
1233 1311 1296 1355 πε-

150 1387 260 1469 λαγία.
306 1389 404 1455 Prima
426 1409 494 1472 pars
529 1411 632 1454 vereor
665 1391 752 1455 etiarn
787 1399 820 1452 ut
851 1391 957 1457 tuerit:
993 1385 1221 1467 πλαταγώνια·
1255 1386 1297 1453 τά

151 1483 297 1569 κρόταλα
318 1490 361 1551 rol
384 1489 494 1562 similo;
525 1509 623 1572 neque
646 1490 836 1571 probabiliter
858 1490 987 1570 glossam
1009 1487 1190 1553 immutabis.
1234 1487 1295 1553 lta-

151 1605 207 1666 que
229 1605 284 1667 pro
307 1595 389 1654 certo
410 1589 482 1654 haec
503 1597 602 1652 teneo:
630 1585 790 1668 πελάγιοι·
812 1586 854 1650 τοὶ
881 1584 1049 1670 κοράλλια.
1095 1588 1199 1669 Pergat
1221 1585 1295 1649 alius

151 1685 264 1748 doctior
297 1705 477 1767 quamquam
510 1688 606 1755 fateor
628 1688 711 1751 ualde
736 1688 806 1754 mihi
833 1687 966 1754 arridere
986 1682 1145 1764 πελάγιοι·
1174 1682 1216 1746 τὰ
1238 1706 1295 1747 κο-

150 1779 282 1865 ράλλια,
317 1781 395 1867 ἡδὲ
419 1783 507 1868 ῥινὸς
530 1797 685 1867 πετραία,
721 1798 755 1848 ut
788 1787 856 1849 hiric
885 1786 950 1851 loco
973 1785 1053 1850 idem
1075 1784 1137 1848 fere
1158 1783 1296 1845 acciderit

150 1891 237 1962 atque
272 1883 310 1944 illi
344 1880 478 1966 ὄστρεον
510 1884 652 1968 μνάκιόν
684 1909 716 1947 τι
740 1905 829 1967 quern
852 1904 942 1967 supra
965 1883 1057 1947 attuli.
1103 1882 1295 1963 lapideseere

150 1989 248 2044 nutem
274 1982 380 2045 ruralia
403 2002 450 2046 res
472 1985 628 2049 decantata
651 1994 706 2055 est.

235 2080 425 2142 rhombus.
470 2079 594 2166 ῥόμβος
610 2129 617 2144 .
634 2130 641 2145 .
659 2131 666 2147 .
684 2079 783 2162 ἰχθύς
805 2104 853 2154 τις
875 2081 940 2146 τῶν
962 2079 1124 2146 πλατέων.

239 2198 367 2243 scarus
391 2181 489 2256 (verba
519 2183 689 2262 ηνιάιίμσίιέ
715 2183 795 2248 bodie
818 2180 930 2243 Plinius
944 2180 1016 2260 ipse
1038 2179 1179 2241 adiecisse
1202 2176 1294 2238 uideri

149 2278 260 2357 potest)
284 2272 389 2351 δνίας·
415 2278 535 2361 σκάρον
560 2279 663 2354 εἷδοςς
686 2281 723 2342 cf.
748 2281 836 2342 etiam
860 2278 969 2365 βηρος.

234 2377 343 2438 solea.
389 2379 521 2462 ψῆττα.
539 2426 545 2440 .
564 2426 571 2442 .
588 2373 627 2462 ἥν
641 2400 729 2452 τινες
745 2374 927 2446 σανδάλιον
942 2375 961 2461 ἢ
975 2374 1199 2460 βούγλωσσον.
1231 2373 1293 2435 Sub

150 2466 331 2540 σανδάλιον
354 2479 502 2545 omittitur
525 2480 580 2541 καὶ
605 2477 703 2559 ἰχθύς
726 2475 835 2553 ποιός.

235 2575 409 2638 scomber.
456 2575 653 2660 σκομβρίδες
677 2573 801 2658 ἰχθύες.

235 2673 347 2756 calpa.
392 2669 521 2759 σάλπη·
557 2675 654 2758 ἰχθύς
682 2673 720 2742 όν
753 2671 1109 2758 salsamentorum
1140 2673 1207 2738 ideo
1231 2681 1293 2733 arte

151 2770 329 2853 coniungere
352 2774 442 2841 bores
475 2776 632 2858 salpasque
654 2776 814 2841 Pancrates
835 2776 951 2844 videtur
972 2794 1000 2858 p.
1019 2772 1109 2839 321F
1133 2771 1181 2848 (cf.
1204 2788 1294 2850 supra

150 2888 178 2949 p.
198 2869 270 2951 130)
293 2891 359 2936 cum
383 2873 472 2937 hoves
494 2893 548 2956 pro
571 2875 663 2943 scaris
684 2875 829 2943 nominet.
1218 2903 1220 2907 ¹

235 2989 454 3055 scorpaena,
477 2973 633 3055 scorpio.
667 2976 828 3055 σκορπίος
844 3018 871 3037 ..
886 3017 894 3034 .
907 2971 963 3038 καὶ
978 2968 1166 3047 θαλάσσιος
1182 2964 1293 3047 ἰχθύς.

234 3069 395 3144 sciaena,
425 3072 603 3135 scindens.
647 3068 816 3145 σκιαδεύς·
843 3069 928 3144 τινὲς
950 3069 987 3135 δὲ
1015 3073 1159 3138 σκίαινα
1204 3065 1293 3139 εἶδος

151 3163 278 3245 ἰχθύος.

235 3267 489 3349 scolopendra.
528 3265 772 3352 σκολόπενδρα·
802 3266 883 3342 ζάον
905 3266 960 3335 καὶ
984 3263 1117 3331 ἐνάλιον
1140 3263 1194 3329 καὶ
1216 3286 1292 3344 χερ-

150 3372 255 3430 σαϊον.

234 3482 384 3546 smyrna.
429 3468 565 3550 σμόρος·
590 3462 608 3530 o‘
631 3463 734 3550 ἄρσην
758 3463 856 3551 ἰχθύς
878 3468 913 3530 cl.
938 3465 992 3533 sub
1016 3482 1147 3531 murena.

235 3565 348 3647 sepia.
385 3563 548 3639 τευθίδες·
572 3558 712 3649 σηπίαις
734 3577 764 3634 et
779 3569 901 3649 μοιτίς·
925 3564 961 3628 τδ
977 3562 1082 3649 μέλαν
1094 3563 1151 3646 τῆς
1166 3564 1291 3646 σηπίας

150 3655 233 3746 ὅπερ
266 3661 301 3725 ἐν
334 3664 385 3747 cpi
417 3660 556 3748 στόματι
587 3662 708 3746 ἔχουσα
730 3663 884 3750 inspirata
918 3675 948 3729 et
969 3659 1041 3733 ὅλα·
1064 3661 1101 3727 εδ
1124 3660 1214 3735 ἐντός
1236 3661 1291 3745 τῆς

150 3764 274 3846 σηπίας
290 3759 487 3846 superstit-aa
508 3773 536 3826 et
553 3761 642 3843 όλός·
665 3763 704 3827 τό
719 3763 822 3847 μέλαν-
841 3766 896 3849 sps
919 3765 1062 3848 σησίας;
1084 3771 1113 3825 θλ
1128 3758 1230 3837 θολός
1243 3807 1249 3821 ·
1263 3805 1290 3820 ··

149 3855 169 3944 ἢ
191 3857 227 3926 τό
250 3861 308 3944 τῆς
330 3863 454 3946 σηπίας
476 3861 588 3944 μέλαν.

234 3978 443 4044 spongeae.
476 3965 633 4046 σπογγία.
666 3956 862 4047 σπογγοίδηε
885 3972 915 4027 et
930 3960 1086 4041 σπόγγος·
1118 3960 1290 4041 omoysion·

234 4061 365 4130 turdus
398 4061 497 4127 inter
529 4063 718 4127 saxatiles
747 4063 904 4133 nobilis.
950 4059 1054 4145 κίχλη·
1093 4059 1191 4145 ἰχθὺς
1224 4061 1290 4123 θα·

148 4153 295 4234 λάσσιος·
318 4158 373 4225 καί
397 4155 493 4244 ὄρνις.
1088 4190 1091 4195 >

235 4259 396 4341 thynnis.
440 4256 610 4332 θυννίδες·
642 4255 774 4328 θύννων
796 4256 928 4343 τεμάχη.
972 4254 1233 4341 ὑποκοριστικῶς
1261 4264 1293 4319 et

150 4351 329 4429 θυννάδος·
363 4353 485 4440 τεμάχη
513 4350 648 4440 ταρίχου
688 4369 719 4421 et
743 4358 868 4425 θύννον
895 4359 951 4425 τὸν
977 4354 1114 4440 ὄρκυνον
1143 4354 1292 4435 λέγουσι,

149 4453 207 4540 την
229 4453 266 4519 δί
290 4453 465 4541 πηλαμίδα
488 4455 641 4523 θυννίδα.
