2902 5040
556 300 755 361 ,9-

83 471 208 535 uanior
237 474 352 553 (Steph.
383 474 451 553 Byz.
474 493 498 535 s.
516 469 685 553 Ὤδωνες);
708 476 785 537 velut
806 474 892 537 etiam
909 475 1058 538 Cornutus
1075 475 1226 539 adnotavit

82 573 117 633 ad
145 572 229 633 Persi
251 574 273 646 Ι,
293 573 369 634 100:
398 573 578 647 „Bassareus
608 591 753 652 agenore
781 573 871 635 vestis
895 594 953 653 quo
976 574 1065 636 biber
1087 573 1227 636 utebatur

81 674 228 735 demissae
251 676 287 735 ad
315 672 390 735 talos
413 690 502 751 quam
530 671 657 733 Threces
678 672 823 733 bassarim
847 677 980 734 vocaut“.
1035 672 1145 735 Ducere
1172 692 1226 752 pro

82 773 194 835 trobcvo
228 773 332 835 eodem
367 772 455 833 modo
489 771 619 849 positum
643 779 689 831 est
722 770 810 832 etiam
833 770 863 832 in
887 790 912 832 v.
936 770 976 832 78
1000 790 1088 850 quem
1112 772 1226 832 correxi

82 870 153 932 blus.
177 870 273 932 Rben.
294 869 411 942 11111111,
434 888 464 948 p.
481 867 542 929 396
565 868 631 931 adn.
656 868 683 929 3.
729 869 841 931 doloris
870 876 969 931 autem
998 877 1068 932 nota
1090 869 1227 932 similiter

83 970 199 1031 turbata
222 969 253 1029 in
282 968 364 1029 libris
395 966 545 1028 nonnullis
574 966 806 1046 deprehenditur
834 988 858 1029 v.
887 968 960 1028 124:
998 969 1034 1031 m
1062 969 1144 1030 modo
1168 987 1225 1048 pu·

81 1072 158 1129 odeo
181 1085 247 1129 rore
276 1068 389 1129 lovome
413 1077 523 1128 torum:
557 1065 609 1144 qui
638 1067 720 1127 locus
750 1067 808 1128 situ
837 1068 900 1146 ipsc
928 1085 1048 1147 quoque
1077 1066 1226 1129 obsoletus

83 1168 272 1229 mundandus
296 1166 375 1227 bunc
396 1164 428 1226 in
452 1165 576 1226 modum
599 1164 747 1226 videatur:

181 1291 264 1352 lllius
288 1298 372 1370 aptus
397 1307 461 1350 eras
484 1306 589 1350 croceo
611 1289 753 1351 recubare
776 1289 865 1351 cubili

225 1389 336 1450 blundo
358 1388 534 1468 poeniceum
558 1405 625 1448 rore
648 1389 762 1449 lavante
783 1397 900 1461 torum3

83 1527 161 1582 certe
184 1519 263 1580 etin
286 1535 404 1579 versum
435 1514 493 1577 124
515 1517 595 1578 furto
618 1517 741 1597 inrepsit
764 1517 832 1598 quia
854 1517 929 1579 oculi
952 1517 1061 1580 librarii
1085 1537 1100 1579 a
1124 1539 1150 1579 v.
1169 1517 1228 1578 123

83 1621 118 1680 ad
136 1637 257 1680 versum
279 1616 463 1679 simillimum
487 1615 546 1676 125
568 1615 735 1677 aberrantes
758 1624 977 1695 pentametrum
997 1617 1056 1678 126
1076 1617 1123 1694 (111
1146 1618 1227 1692 doro)

82 1717 179 1795 legere
212 1717 397 1795 inceperant.
430 1749 472 1759 —
510 1714 588 1786 Quid
618 1733 685 1775 vero
720 1715 756 1776 de
790 1715 872 1776 miris
904 1715 959 1776 illis
987 1715 1019 1777 in
1048 1736 1074 1776 v.
1098 1716 1136 1777 61
1165 1736 1229 1778 sum

83 1833 192 1877 memor
225 1825 252 1876 et
283 1821 409 1874 statuam
445 1811 561 1887 dubit03
603 1821 729 1890 possunt
768 1813 937 1874 bacchantis
967 1824 1054 1895 atque
1087 1815 1229 1895 lymphati

83 1913 193 1992 ingenii
215 1913 325 1984 videri,
349 1912 384 1973 cf.
406 1911 494 1972 modo
514 1930 540 1970 v.
563 1909 622 1985 663
644 1918 742 1991 potest
765 1913 856 1973 latere
885 1913 1003 1992 aliquid.
1047 1913 1228 1975 Tunicarum

84 2014 139 2074 scis
162 2019 301 2073 ornatum
325 2011 360 2071 ad
385 2012 458 2070 talbs
481 2008 641 2069 demissum
666 2009 840 2071 muliebrem
858 2011 933 2071 clare
955 2012 1083 2090 speciem
1106 2011 1229 2086 habere3

84 2106 354 2191 γυναικομόρφον
376 2109 465 2168 deum
489 2107 627 2168 incedere
650 2109 761 2187 antiqui
777 2110 963 2184 latebantur3
985 2112 1129 2190 templum
1152 2113 1229 2191 apud
1247 2143 1252 2155 =

84 2209 256 2269 Macedones
287 2207 414 2268 dicatum
450 2214 513 2266 erat
548 2198 704 2290 Διονύσῳ
732 2205 916 2288 ψευδάνορι
941 2209 1019 2288 quod
1046 2211 1096 2290 qui
1118 2210 1228 2272 factum

86 2308 124 2368 sit
153 2307 251 2369 fabula
286 2305 423 2385 explanat
455 2303 621 2384 Polyaenus
643 2304 695 2375 lv,
724 2304 772 2378 18,
804 2308 834 2380 1;
863 2306 960 2387 aptius
989 2307 1155 2369 claudicans
1182 2309 1230 2369 liic

85 2405 199 2468 iambus
236 2425 272 2465 ex
308 2403 440 2482 Priapeis
476 2402 673 2464 adscribatur:
710 2403 807 2465 Trnbr't
838 2407 967 2486 soporem
1002 2410 1120 2487 eirpt'm's
1152 2417 1230 2470 tenor

87 2503 210 2565 Bnecbus
226 2501 290 2581 (36,
298 2502 330 2582 4)
348 2501 396 2562 ubi
412 2501 501 2562 verbo
517 2501 654 2562 trahendi
670 2502 773 2581 ipsane
790 2504 879 2565 vestis
895 2503 1088 2567 ostenditur?
1110 2506 1170 2568 1116
1185 2506 1229 2568 via

86 2602 226 2664 conicies:
257 2600 413 2662 Semimari
442 2607 514 2661 certe
536 2604 653 2662 utemini
673 2605 712 2661 sic
746 2602 847 2662 ducere
877 2622 976 2681 syrma
1003 2603 1129 2665 Brocbiu
1153 2625 1230 2686 pur-

83 2719 221 2782 pureum3
242 2718 311 2761 nam
335 2699 388 2759 tibi
409 2699 564 2761 commode
587 2699 773 2778 supplebitur
789 2720 822 2760 ex
838 2702 1088 2763 antecedentibus
1117 2703 1230 2766 Tauren

87 2800 129 2860 bis
160 2818 222 2859 non
257 2806 318 2859 tam
351 2797 479 2877 speciem
515 2817 602 2877 quam
637 2799 733 2877 ipsum
765 2817 867 2859 sexum
894 2801 989 2860 notari
1023 2801 1104 2861 video
1128 2821 1230 2882 asper·

88 2898 240 2977 nandaque
263 2896 354 2958 nimis
375 2899 448 2958 lecta
465 2897 607 2957 dicentur.
644 2895 783 2960 Ceterum
807 2897 841 2958 ad
866 2905 1003 2959 ornatum
1029 2899 1134 2961 Bacchi
1157 2920 1229 2961 con-

91 2998 201 3059 feratur
223 2996 391 3057 Athenaeus
415 3014 443 3074 p.
469 2994 528 3056 198
553 2995 583 3054 C.

147 3096 233 3156 'lam
256 3095 312 3155 hac
335 3095 365 3156 in
390 3093 481 3172 elegia
504 3102 566 3154 tam
589 3093 638 3154 diu
663 3093 788 3155 detentis
813 3094 917 3156 obvius
941 3105 987 3156 est
1014 3097 1087 3157 alter
1110 3114 1229 3176 quoquc

87 3197 166 3257 locus
195 3194 296 3254 eadem
328 3202 390 3254 arte
413 3191 574 3271 insignitus
598 3210 695 3271 neque
719 3193 903 3255 obscuritatis
931 3195 1063 3256 minoris.
1108 3196 1229 3258 Ovidius

87 3295 121 3355 de
143 3294 276 3372 Hespero
299 3291 413 3352 dixerat
434 3290 512 3351 Fast.
536 3290 571 3364 11,
596 3289 671 3351 314:

323 3403 472 3482 Hesperus
496 3410 524 3462 et
547 3401 631 3463 fusco
654 3403 789 3464 roscidus
811 3402 873 3464 ibat
895 3423 980 3482 equo.

87 3517 137 3577 1116
168 3523 268 3577 autem
300 3515 350 3576 ubi
377 3515 569 3577 iuvenescere
599 3514 797 3575 Maecenatem
830 3517 981 3577 mortuum
1009 3525 1091 3596 optat
1120 3527 1149 3579 et
1176 3515 1236 3581 ad-⁴

88 3613 212 3694 sumpsit
245 3614 318 3675 baec
351 3621 380 3673 et
413 3612 565 3673 exornavit
598 3631 665 3673 eum
696 3614 733 3674 ita
764 3617 825 3675 lere
853 3615 995 3676 scriberet
1030 3615 1104 3694 (non
1133 3619 1230 3679 solum

88 3712 289 3774 emendandus
317 3711 399 3771 locus
432 3720 509 3785 erat,
533 3710 584 3771 sed
614 3711 702 3772 etiam
726 3711 757 3772 in
785 3719 867 3773 tanto
889 3712 961 3775 boni
984 3733 1089 3776 sensus
1112 3717 1230 3779 defectu

88 3810 231 3891 explenda
253 3808 368 3885 lacuna)
393 3829 419 3870 v.
439 3809 498 3869 129
528 3828 608 3889 sqq.:

187 3920 362 3993 Quaesivi
386 3921 525 3999 Stygiis
547 3928 609 3982 tue
632 3923 773 3984 lumina
796 3941 925 4002 pressa
950 3925 1137 3986 tenebris:

231 4019 255 4080 0
277 4018 527 4098 necopinanti
550 4021 711 4082 floribus
733 4030 816 4101 apte
838 4022 928 4082 redi.

189 4118 368 4190 Quaesivere
391 4117 475 4179 chori
496 4118 649 4179 iuvenum
673 4119 716 4180 sic
737 4119 892 4198 Hesperon
919 4119 1001 4179 illum

231 4219 344 4291 Quum
369 4235 478 4282 noxum
502 4217 599 4278 modio
622 4218 710 4278 solvit
731 4218 761 4278 iu
785 4218 852 4295 igne
874 4220 984 4291 Venus,

190 4315 286 4387 Quem
309 4333 413 4375 mane
434 4314 557 4375 infusois
574 4316 684 4394 placida
707 4316 762 4377 sub
785 4324 871 4378 nocte
893 4317 1037 4377 nitentem

231 4413 400 4475 Luciferum
423 4423 524 4475 contra
547 4432 664 4476 currere
688 4414 784 4477 cernis
813 4415 906 4494 equis.
