2902 5040
707 291 928 356 -γὸ-

328 470 467 531 blendum
495 475 582 549 turpe
609 471 639 531 in
670 469 782 542 letinis3
811 484 910 546 neque
936 465 1016 527 enim
1045 471 1112 545 post
1141 481 1308 544 pronomen
1335 464 1389 525 de-

245 567 471 629 monstrativum
492 566 695 646 1330333313)
716 566 828 629 adstrui
849 565 997 634 sententia
1023 582 1098 643 quae
1117 563 1253 643 sequitur
1272 569 1392 642 poterat

245 667 348 746 copula
377 675 412 727 et.
457 667 559 745 ltaque
583 664 825 727 hemeterhusius
852 665 888 725 ad
909 663 1074 725 Lucianum
1100 661 1166 722 dial.
1193 660 1298 722 marin.
1315 660 1389 722 1v3

245 766 296 827 ubi
312 766 348 827 de
363 765 471 846 polypo
486 765 593 826 similia
609 774 680 827 sunt
697 773 835 828 nostrum
856 765 955 826 locum
971 763 1042 825 dum
1058 761 1129 823 citat
1143 760 1247 822 vitium
1262 759 1390 834 videbat,

244 864 397 944 proposito
414 871 514 925 autem
529 881 584 924 suo
600 880 662 924 non
677 864 810 925 sustulit:
838 865 882 925 Ut
901 863 957 925 sub
977 863 1040 940 lege
1060 862 1116 923 loci
1136 868 1244 922 sumat
1262 866 1390 922 mutet-

245 981 303 1042 que
324 963 462 1023 colorem.
503 962 564 1023 lam
582 960 689 1022 falsum
712 962 777 1023 dico
793 961 881 1024 etiam
897 963 948 1023 3331
972 961 1030 1042 1333
1052 963 1125 1034 loci,
1149 960 1226 1040 quod
1242 959 1390 1039 Hauptius

247 1059 498 1140 (3333131011)
524 1060 672 1139 peculiare
698 1060 772 1120 dixit
795 1059 906 1121 Ouidio.
959 1060 1080 1122 Ovidius
1110 1059 1188 1124 enim
1219 1059 1319 1139 potius
1348 1059 1391 1120 ita

246 1162 344 1222 313333.
360 1160 399 1221 lll
415 1160 445 1230 2,
461 1159 516 1220 20:
675 1180 678 1184 ·

345 1288 425 1350 Haec
446 1289 482 1349 13
504 1289 582 1367 lege
604 1287 674 1349 loci
695 1287 849 1349 commoda
873 1287 967 1350 circus
991 1287 1088 1350 habet.

248 1428 277 1481 et
299 1419 377 1480 Artis
400 1418 494 1481 Ami
512 1418 572 1480 142
587 1418 652 1479 sine
667 1417 902 1497 praepositione:

347 1548 433 1622 Quod
453 1547 509 1610 tibi
532 1546 679 1627 tangenda
699 1556 744 1609 est
766 1548 844 1626 lege
866 1547 962 1627 puella
984 1547 1064 1608 loci.

245 1677 303 1739 Sub
330 1686 409 1739 recte
435 1676 502 1739 addi
528 1694 589 1738 non
616 1676 717 1750 cred03
744 1695 843 1756 neque
869 1676 950 1737 enim
980 1674 1161 1755 pertinuisse
1187 1674 1305 1738 videtur
1334 1673 1392 1736 nisi

247 1778 282 1838 ad
299 1776 443 1838 clausulas
459 1776 531 1837 tales
548 1775 642 1836 velut:
669 1774 794 1855 3311333
813 1793 858 1852 oe,
876 1775 928 1836 331
951 1775 1109 1836 conditione
1131 1783 1172 1846 ct,
1193 1774 1245 1836 aad
1266 1792 1301 1835 33
1323 1790 1392 1834 333-

246 1875 350 1936 ditiooe
384 1892 434 1946 33,
469 1874 519 1935 sab
553 1876 712 1953 exceptione
744 1877 783 1945 si,
817 1873 887 1934 item
921 1873 972 1934 331
1002 1891 1097 1952 33333
1125 1876 1222 1934 mortes
1249 1872 1388 1951 (Sueten.

246 1973 332 2052 Calig.
349 1973 412 2053 48).
444 1973 596 2034 Genitivus
616 1972 671 2033 loci
690 1971 726 2032 ad
747 1972 835 2033 telem
858 1971 1019 2033 clausulam
1035 1971 1087 2051 qui
1102 1971 1167 2033 addi
1182 1971 1314 2050 potuerit
1328 1988 1392 2032 non

245 2071 339 2132 video.
384 2071 465 2133 Bene
481 2079 579 2134 autem
606 2070 663 2131 erit
688 2070 713 2131 si
739 2072 819 2132 33133
842 2089 932 2150 quam
956 2070 993 2132 ob
1017 2089 1135 2132 causam
1151 2076 1284 2131 mutetur
1307 2068 1393 2131 addi-

246 2172 389 2245 derimus3
412 2190 508 2252 neque
524 2171 602 2231 enim
618 2188 735 2250 semper
757 2171 807 2244 fit3
830 2170 909 2232 unde
932 2169 992 2230 1333
1014 2187 1068 2249 ego
1092 2169 1211 2250 quidem
1235 2166 1369 2229 deferor:

345 2304 473 2380 Polypus
497 2301 599 2362 haeret
621 2308 651 2360 et
672 2300 726 2361 hac
749 2299 840 2362 eludit
862 2299 935 2361 retia
958 2298 1077 2360 fraude:

346 2402 506 2472 Pressus
529 2398 592 2497 lege
615 2398 670 2460 loci
694 2399 786 2460 sumit
809 2404 964 2478 mutatque
987 2397 1128 2471 colorem,
1178 2485 1180 2489 Ι

245 2550 302 2611 1333
317 2557 376 2611 331;
392 2547 417 2608 31
432 2545 468 2608 ab
483 2546 570 2608 hoste
584 2545 740 2625 premitur.
768 2546 849 2619 Quae
860 2548 885 2608 si
897 2549 954 2627 333
967 2551 1012 2607 est
1023 2544 1170 2606 sermonis
1183 2543 1306 2606 durities
1321 2563 1393 2624 pro·

245 2647 308 2726 pria
323 2654 424 2707 3333333
440 2664 473 2706 33
488 2644 576 2705 133133
591 2651 696 2725 333133
718 2653 772 2706 331.
813 2645 912 2725 Atque
935 2665 972 2709 ne
995 2666 1077 2709 nunc
1097 2647 1218 2727 quidem
1239 2645 1394 2726 explanata

245 2745 357 2807 omnia:
387 2761 495 2823 nempe
518 2743 622 2805 fraude
647 2743 703 2804 ista
729 2743 836 2805 coloris
860 2745 955 2807 hostis
978 2746 1097 2825 quidem
1121 2745 1390 2818 31313313333311,

246 2843 385 2904 3133113
401 2842 540 2913 minime,
562 2860 659 2921 neque
674 2841 740 2903 ideo
756 2843 897 2904 nimirum
913 2844 986 2905 retia
1002 2844 1081 2906 eludi
1097 2844 1281 2926 reliquorum
1297 2843 1393 2922 scrip-

245 2949 346 3002 torum
366 2940 524 3020 quisquam
545 2940 695 3004 tradebat:
724 2949 753 3003 at
776 2943 951 3005 eludebatur
965 2952 1084 3023 3333133
1099 2943 1251 3005 hominem
1266 2942 1393 3023 piscium

246 3058 365 3119 quoque
381 3039 517 3101 incursus
532 3025 832 3104 velutmurenarum.
872 3041 1005 3102 Concidit
1021 3060 1088 3103 ecce
1104 3041 1191 3103 etiam
1208 3045 1282 3104 aetio
1295 3041 1393 3102 lectio.

246 3136 346 3212 Quint
373 3139 398 3199 si
418 3139 572 3201 sollemnia
588 3139 619 3200 in
635 3139 692 3201 hoc
707 3139 839 3202 carmine
854 3140 929 3200 retia
944 3139 1001 3201 sibi
1016 3139 1152 3202 invenire
1167 3140 1199 3200 in
1213 3138 1258 3200 his
1279 3139 1392 3202 scribae

245 3236 434 3298 videbantur:
473 3237 595 3318 Polypus
622 3239 719 3300 boaret
751 3247 777 3298 et
803 3237 856 3299 boc
888 3237 977 3300 eludit
1005 3238 1112 3318 praeha
1142 3236 1273 3318 froude?
1313 3239 1394 3300 velut

246 3334 359 3396 eludere
373 3331 478 3409 1333133,
500 3336 588 3398 telam
600 3336 705 3397 similia
721 3335 867 3398 dicebant.
894 3335 1068 3400 Rationisne
1082 3337 1214 3423 suasioni
1232 3332 1393 3398 oboedies‘l

331 3433 465 3495 Adicitur
486 3443 584 3496 autem
607 3435 696 3495 etiam
717 3436 808 3495 altera
829 3436 910 3497 fraus
926 3453 983 3514 qua
1006 3436 1130 3516 polypus
1145 3435 1265 3497 insidias
1281 3435 1392 3507 eludat,

249 3531 412 3612 etquidem
429 3552 462 3594 ea
478 3533 503 3594 si
517 3534 606 3595 hamo
623 3539 725 3613 captus
741 3532 796 3595 sit:

749 3672 847 3750 Atque
869 3671 920 3732 ubi
941 3672 1080 3752 praedam

348 3769 533 3830 Pendentem
556 3768 754 3839 setis-avidus
777 3769 864 3850 rapit,
887 3769 936 3831 hic
958 3789 1076 3850 quoque
1098 3770 1181 3843 fallit,

225 3939 227 3945 Ι
344 3866 429 3928 Ε1313
453 3867 564 3929 calamo
587 3885 655 3930 cum
679 3867 800 3929 demum
824 3886 957 3930 emersus
979 3868 1120 3930 inauras

346 3964 468 4028 Brachia
491 3965 621 4027 dissolvit
643 3965 874 4046 populatumque
896 3965 997 4047 expuit
1018 3967 1151 4030 hamum.

246 4115 310 4176 Hoc
328 4114 448 4176 Ovidius
474 4114 555 4175 solus
582 4133 617 4175 ex
643 4114 793 4175 communi
814 4123 935 4176 auctore
957 4113 1122 4193 descripsit
1149 4112 1316 4177 describere
1337 4131 1393 4175 333

244 4212 402 4274 Plutarcho
425 4230 523 4292 neque
546 4212 679 4293 0331333
701 4208 820 4292 placuit.

283 4384 285 4389 ,
331 4310 415 4372 Haud
437 4310 522 4372 aliter
545 4311 581 4371 de
602 4329 727 4374 murena
741 4330 801 4374 una
818 4309 953 4389 0331333
976 4310 1197 4372 narratiuncula
1219 4309 1391 4372 satisfacere

247 4409 401 4470 videbatur
416 4409 575 4489 amisitque
590 4410 668 4471 banc
682 4428 772 4490 quam
787 4409 877 4470 latine
892 4408 1034 4488 scriptam
1049 4407 1173 4487 legimus
1189 4428 1215 4469 3.
1232 4408 1288 4469 43:
