2902 5040
656 327 899 391 -200-

209 504 403 585 Epistolorum
417 504 541 567 omnino
556 504 716 566 addidisset
732 503 762 565 ni
776 503 869 576 fallor,
886 502 942 566 nisi
957 504 1082 566 alterum
1094 502 1176 566 alteri
1193 503 1349 565 titulorum

208 622 356 687 opponere
371 604 520 676 voluisset,
541 603 781 684 quandoquidem
799 602 918 665 titulum
933 621 1030 683 neque
1043 602 1150 684 reliqui
1163 603 1350 682 grammatici

209 705 315 766 addere
342 704 441 765 solent
467 721 563 783 neque
592 701 741 765 Charisius
769 703 832 782 ipsc
858 701 970 764 addidit
996 703 1088 764 altero
1116 702 1181 764 loco
1203 723 1231 783 p.
1249 702 1351 763 toan

209 804 279 865 dum
302 804 380 865 Artis
408 820 526 865 uersum
549 800 662 882 459sq.
685 803 799 864 laudat:
829 800 979 864 Horatius:
1002 803 1085 874 „licet
1106 806 1262 865 sucourn'te
1284 803 1350 863 lou-

205 923 275 985 pum
298 903 426 966 clamet‘.
463 902 598 983 Denique
619 902 658 963 de
673 901 784 964 Charisi
800 903 896 965 verbis
913 901 1102 984 explanandis
1125 909 1171 964 est
1185 900 1274 964 etiam
1290 920 1350 982 qno
1440 943 1443 951 ·

209 1003 377 1065 discordare
398 1020 468 1065 curn
489 1001 727 1080 Zangemeisterc
750 1001 898 1084 nonsine
921 1001 1019 1063 fructu
1042 999 1162 1080 possim.

294 1102 419 1163 Pisones
452 1119 521 1163 vero
554 1100 664 1182 quibus
702 1100 791 1163 missa
827 1103 882 1162 Ars
918 1099 975 1161 fnit
1013 1099 1044 1161 in
1077 1118 1109 1162 re
1141 1100 1255 1179 poetica
1289 1118 1352 1161 non

210 1203 343 1264 uidemus
366 1219 485 1263 curasse
518 1200 576 1261 nisi
609 1199 783 1278 tragoedias,
816 1218 914 1279 neque
948 1199 1040 1277 magis
1074 1198 1239 1278 tragoedias
1272 1199 1351 1279 ipsas

210 1318 297 1381 quam
335 1300 475 1381 satyricas
508 1299 621 1361 tabulas
660 1298 729 1371 (buc
762 1297 841 1360 enim
873 1298 1016 1360 concedet
1048 1295 1098 1377 qui
1131 1297 1228 1377 legere
1260 1297 1352 1359 libros

210 1416 270 1461 non
288 1400 379 1461 oculis
394 1400 500 1469 solum,
524 1398 575 1458 sed
593 1406 693 1459 mente
709 1416 827 1478 quoque
841 1395 1056 1476 consueverit);
1078 1413 1181 1458 vereor
1196 1397 1296 1478 itaque
1313 1416 1352 1458 ne

210 1497 250 1560 illi
274 1506 304 1559 et
324 1499 442 1576 ingenio
458 1514 512 1559 suo
528 1505 559 1558 et
573 1496 672 1558 indole
688 1504 719 1558 et
733 1496 887 1576 disciplina
902 1495 938 1558 ab
957 1495 1029 1576 ipsis
1045 1514 1078 1557 ac
1092 1494 1168 1556 ueris
1184 1497 1353 1575 rugusteae

211 1597 315 1659 aetatis
347 1595 453 1657 litteris
487 1596 641 1657 alieniores
673 1595 794 1667 luerint,
827 1595 976 1658 affiniores
1008 1612 1078 1656 vero
1101 1594 1278 1658 Ciceronum
1308 1596 1349 1657 illi

211 1694 328 1756 saeculo
351 1711 409 1775 quc
426 1694 646 1774 incomparabili
665 1702 716 1755 aut
734 1694 843 1773 ingenii
858 1701 909 1756 aut
923 1712 1030 1755 manus
1045 1693 1171 1773 agilitate
1186 1694 1353 1757 conscribi-

211 1793 328 1856 litandis
350 1792 510 1872 tragoediis
525 1792 680 1854 cotidianis
697 1793 757 1855 lere
779 1793 909 1855 insanire
932 1793 969 1854 ad
992 1792 1195 1856 doctissimum
1211 1801 1243 1855 et
1258 1794 1353 1857 hone·

211 1893 376 1955 stissimum
400 1910 549 1971 quemque
577 1892 750 1973 pertinebat.
795 1892 881 1955 Certe
902 1892 1056 1972 satyricam
1080 1891 1256 1955 Ciceronum
1279 1895 1354 1957 alter

212 2000 257 2055 est
281 2010 370 2072 quem
394 1990 597 2071 composuisse
629 1990 757 2052 sciamus
791 1990 930 2052 fabulam.
974 1991 1071 2071 Atque
1093 1991 1193 2054 eadem
1216 1999 1354 2072 tempora

212 2091 274 2155 lere
295 2090 403 2172 Lyncei
425 2089 611 2169 Propertiani
634 2089 767 2152 animum
790 2089 902 2153 referre
924 2089 1114 2166 crediderim
1141 2088 1228 2152 buius
1251 2100 1353 2155 autern

215 2189 358 2253 orationis
379 2185 522 2272 λήκυθοι
544 2197 622 2251 certe
645 2189 839 2268 allergiliana
862 2190 910 2252 illa
933 2189 1048 2253 licentia
1068 2198 1184 2269 sumpte
1206 2190 1354 2271 pudenter

215 2288 342 2353 multum
380 2286 538 2350 distabant.
583 2288 683 2366 ltaque
717 2307 755 2351 an
791 2288 828 2351 ab
864 2288 935 2368 ipsis
969 2288 1214 2355 obtrectatoribus
1248 2289 1353 2370 Vergili

216 2387 430 2468 Vergilianique
444 2387 591 2449 sermonis
608 2388 730 2449 Pisones
746 2395 823 2449 stare
845 2387 968 2449 omnino
991 2405 1052 2451 non
1077 2387 1228 2468 potuerint
1243 2391 1351 2454 nescio.

215 2485 313 2547 Nihilo
335 2485 434 2547 minus
457 2504 560 2547 versus
575 2485 652 2546 Artis
668 2484 793 2549 48—72
817 2485 866 2562 (do
887 2485 994 2565 quibus
1016 2486 1161 2549 Michaelis
1177 2506 1206 2567 p.
1222 2487 1352 2569 422sq.)

215 2602 289 2646 num
311 2590 378 2664 apte
400 2584 434 2646 ad
457 2583 596 2647 Pisonem
619 2592 732 2665 patrem
756 2585 884 2646 maxime
905 2584 1108 2650 scriberentur
1129 2602 1263 2669 numque
1292 2587 1354 2650 dis-

215 2684 322 2766 plicere
348 2684 442 2746 oratic
465 2683 602 2747 Aeneidis
626 2693 656 2746 et
677 2684 747 2748 huic
768 2694 797 2747 et
819 2684 882 2748 aliis
905 2684 1049 2765 potuisset
1071 2704 1212 2768 quaerere
1237 2687 1354 2751 distuli:

216 2779 279 2860 irai
305 2779 366 2864 μὲν
393 2775 432 2845 οὗ
459 2779 523 2845 δέω
550 2781 653 2870 coiea
675 2781 914 2866 nuncupationes
936 2801 991 2846 nec
1012 2783 1088 2846 scire
1109 2784 1153 2847 fas
1176 2792 1222 2847 est
1244 2787 1354 2848 omnia.

300 2881 334 2942 ln
357 2882 471 2963 plagula
487 2890 588 2944 autern
603 2883 735 2963 proxima
750 2883 884 2970 simulet
897 2891 1048 2964 postrema
1063 2883 1194 2964 ipsorum
1212 2884 1355 2952 Halieuti-

216 2998 318 3041 corum
349 2982 508 3044 latinorum
541 2981 701 3060 imaginem
732 2983 948 3063 complanatam
977 2983 1019 3045 sic
1045 2984 1106 3045 lare
1136 2991 1168 3047 ut
1199 2984 1354 3047 obvenisse

215 3078 309 3141 Plinio
333 3082 470 3144 credatur
492 3081 648 3144 ostendere
664 3080 811 3143 voluimus
833 3080 994 3145 arbitrariis
1016 3080 1055 3144 ibi
1077 3082 1198 3146 intextis
1219 3083 1271 3146 ubi
1288 3101 1355 3146 vera
1425 3106 1427 3110 ⁴

215 3178 352 3241 latebant.
872 3208 874 3210 ·
