2902 5040
665 322 905 387 -128-

217 513 277 575 quo
313 495 443 556 remedio
481 496 571 558 etiam
600 496 706 558 iulides
735 499 1007 579 scolopendraeque
1044 507 1247 564 averterentur
1283 520 1355 582 per-

215 594 342 656 niciosae
357 594 482 674 piscanti
499 603 528 656 et
544 596 685 658 molestae
701 596 860 659 admodum
878 599 926 676 (fr.
942 599 993 674 V):

318 746 417 805 Κεϊνο
444 741 481 806 δὲ
507 742 547 827 δη
574 746 745 819 σκέπτοιο,
771 743 810 809 τό
831 768 886 808 κεν
911 743 967 807 καί
993 737 1127 809 ἰουλίδα
1148 744 1274 832 μάργον

317 839 446 918 Πολλὸν
470 838 699 927 ἀποτρωπῷτο
726 845 781 906 καὶ
810 843 944 925 ἰοβόλον
971 841 1228 931 σκολόπενδραν,

215 1005 331 1080 (Athen.
348 1003 410 1066 304
422 1005 470 1080 F);
498 1006 627 1067 odiosam
649 1007 728 1068 enim
750 1007 826 1069 banc
851 1007 976 1070 istarum
1002 1007 1193 1071 bestiolarum
1217 1019 1355 1069 naturam

214 1123 279 1166 esse
301 1112 332 1165 ut
356 1103 649 1183 Schweighaeuserus
672 1106 810 1186 respexit,
834 1106 873 1167 its
890 1107 1019 1186 neglexit
1032 1107 1195 1170 Meinelius
1214 1105 1355 1182 (Exercit.

213 1202 284 1283 phil.
299 1203 325 1263 ll
341 1222 369 1283 p.
389 1203 437 1268 15.
467 1204 550 1265 Anal.
567 1205 630 1266 crit.
647 1223 676 1284 p.
696 1203 768 1284 139)
790 1223 856 1266 eum
885 1199 1159 1285 ἀποτρωπᾶσθαι
1186 1206 1257 1268 illud
1274 1206 1354 1267 idem

215 1321 278 1363 esse
307 1311 395 1385 atque
424 1323 461 1366 ecc
487 1305 583 1366 lustris
619 1305 705 1382 longe
731 1304 849 1365 educere
878 1303 1001 1366 iuberet.
1043 1305 1089 1366 Tu
1126 1299 1352 1367 ἀποπτοιοίτο

213 1402 356 1465 scriberes
384 1403 441 1466 uisi
466 1403 498 1465 in
532 1401 687 1465 sententiis
713 1403 769 1464 illis
796 1402 916 1465 iudaicis
943 1403 1016 1464 falso
1043 1403 1226 1485 Pbocylideis
1248 1423 1273 1464 v.
1294 1401 1353 1463 133

211 1500 308 1580 ipsum
336 1497 609 1583 ἀποτρωπᾶσθαι
636 1501 759 1563 vidisses
786 1520 878 1564 sensu
904 1502 1008 1564 eodem
1036 1521 1071 1563 ex
1094 1503 1228 1564 codicum
1249 1502 1353 1563 lectio·

214 1598 301 1660 nibus
317 1599 506 1680 probabiliter
517 1619 533 1662 a
545 1600 669 1680 Bergkio
680 1601 861 1663 restitutum.
884 1600 944 1662 lam
958 1602 1068 1664 veroin
1081 1602 1212 1664 carmine
1224 1601 1352 1663 Numani

213 1700 314 1776 generi
339 1700 530 1762 artificiorum
556 1699 782 1780 piscatoriorum
811 1717 1005 1780 escarumque
1025 1700 1078 1761 uni
1100 1701 1207 1780 cuique
1229 1719 1353 1762 suorum

213 1797 337 1877 piscium
365 1800 549 1860 enumeratio
575 1797 815 1871 subnectebatur,
841 1798 970 1878 indeque
986 1799 1222 1861 enumerationis
1243 1799 1353 1860 seriem

212 1896 277 1979 plus
294 1916 383 1960 unam
398 1897 490 1960 luisse
505 1907 635 1979 apparet.
666 1899 797 1971 Quarum
813 1916 872 1959 una
888 1897 934 1959 bis
950 1898 1061 1978 incepit
1076 1898 1187 1960 verbis:

270 2056 332 2135 (Vl)
358 2058 476 2119 Τοίσί
498 2078 534 2118 κε
556 2053 726 2139 θηρήσαιο
748 2064 870 2137 φαγεῖν
891 2051 1080 2137 λελιημένος
1104 2045 1205 2134 ίχθόν

354 2151 392 2237 ἠὲ
413 2156 516 2237 μέγαν
538 2148 720 2218 συνόδοντα
742 2151 762 2236 η“
784 2150 940 2238 ἀρνευτὴν
963 2159 1131 2236 ἵππουρον

357 2250 392 2335 ἧὲ
414 2249 543 2338 φάγρον
565 2252 687 2337 λοφίην
709 2249 763 2316 dea
784 2249 817 2315 δ’
842 2248 1023 2335 ἀγρόμενον
1038 2249 1192 2334 σκιαδῆα.
1230 2252 1353 2332 (Athen.

1018 2350 1080 2412 εον
1092 2351 1123 2412 r.
1135 2350 1167 2411 u.
1185 2349 1246 2411 soc
1259 2350 1311 2426 ομ

212 2467 264 2529 alia
287 2466 327 2526 ita
350 2464 561 2527 inducebatur:

256 2605 328 2681 (vll)
356 2605 477 2666 Τοϊσί
500 2623 555 2665 κεν
577 2597 743 2685 εὐμαρέως
764 2596 920 2684 θαλάμης
943 2596 1012 2664 ἀπο
1035 2599 1162 2683 μακρόν
1184 2595 1310 2684 ἀείροις

354 2697 515 2784 σκόρπιον
536 2724 556 2784 η
579 2695 685 2784 ἀριγόν
701 2701 912 2799 περιτρηχέα·
941 2699 1005 2762 τῶν
1026 2697 1088 2782 γάρ
1110 2695 1166 2762 ἐπ’
1190 2696 1352 2782 ἄκρης...

1062 2798 1181 2874 (Athen.
1199 2797 1259 2859 315
1272 2799 1308 2874 Β)

214 2952 272 3012 quo
299 2933 335 2995 de
361 2934 427 2994 loco
449 2931 537 2993 nimis
559 2931 677 3011 ingenio
693 2950 747 2993 suo
763 2939 881 3012 praeter
896 2929 967 2992 alios
983 2927 1145 2991 Meinekius
1160 2929 1286 2990 indulsit
1301 2929 1354 3008 qui

211 3032 302 3094 edidit
326 3032 391 3094 τῶν
416 3029 478 3115 γὰρ
500 3029 559 3110 ἐρᾷ
579 3030 654 3115 κρῆς
675 3028 851 3112 [ἐσθιέμεν]
873 3030 956 3109 quasi
973 3048 1034 3090 uou
1049 3021 1248 3110 περιτρηχέα
1262 3027 1353 3090 simul

209 3131 280 3192 illud
307 3131 343 3192 ad
363 3131 550 3210 scorpionem
567 3130 721 3210 pertinens
744 3128 888 3208 explicare
904 3128 977 3190 velle
996 3135 1083 3207 poeta
1103 3127 1243 3207 potuerit,
1271 3126 1352 3188 bunc

209 3228 241 3290 in
258 3230 393 3292 modum:

809 3337 957 3420 τῶνγὰρ
980 3331 1037 3398 ἐπ’
1060 3332 1160 3420 ἄκρης

311 3437 407 3522 οὔρης
428 3439 464 3501 τὲ
485 3438 628 3523 κεφαλῆς
649 3461 684 3502 τε
705 3432 883 3520 φοβήματα
907 3446 1014 3498 κεῖται
1038 3430 1205 3529 ἀκάνθιων.

209 3590 273 3670 lpsa
286 3597 384 3651 autem
397 3589 518 3650 nomina
529 3590 704 3669 plerumque
721 3586 902 3651 disiunctivis
917 3584 1066 3666 particulis
1082 3584 1350 3662 subiungebantur,

209 3688 362 3751 interdum
389 3688 598 3762 coniunctius,
625 3689 682 3750 luit
708 3688 831 3750 fortasse
858 3686 945 3747 etiam
972 3684 1022 3746 ubi
1050 3684 1175 3765 perinde
1202 3690 1291 3763 atque
1317 3683 1349 3745 in

143 3844 145 3849 .
208 3788 309 3851 latinis
334 3787 504 3858 halieuticis,
524 3788 668 3869 particula
694 3787 816 3849 omnino
844 3783 1040 3848 omitteretur.
1081 3783 1146 3846 lluc
1171 3783 1262 3862 igitur
1288 3792 1349 3845 tra-

208 3889 307 3951 henda
330 3889 493 3968 fragmenta
516 3887 631 3968 (vitiosa
654 3887 797 3969 quaedam
820 3883 978 3947 emendare
999 3884 1184 3964 pergemus):

239 4037 325 4119 (llll)
348 4033 369 4120 ἢ
390 4035 508 4119 χρόμιν
529 4033 549 4119 ἢ
571 4032 756 4114 κάλλιχθυν
777 4031 798 4118 ἢ
819 4027 911 4116 ὕκην,
934 4026 1051 4094 ἄλλοτε
1073 4025 1106 4092 δ’
1130 4023 1234 4111 ἀρφόν

349 4132 381 4223 ηΙ
403 4132 545 4215 γλαῦκον
578 4131 751 4217 περόωντα
783 4131 866 4196 κατά
897 4134 978 4213 μνία
1011 4124 1348 4299 σιγαληὲενέῗαὸἓθηθὸθ

265 4367 369 4453 (ΙΧ)ἢ
402 4367 519 4452 λευκην
553 4364 715 4431 συόδοντα
751 4363 873 4452 βόηκάς
905 4385 940 4426 τε
975 4358 1137 4520 upeuuodef
1158 4359 1348 4520 Ξε221ἕ8611

1106 4479 1142 4522 ⁰·
1259 4464 1269 4537 )
