2902 5040
547 283 910 393 -141-'

100 503 155 565 ista
168 523 235 566 ecce
247 504 343 566 omnia
356 504 443 584 longe
450 505 601 585 adportata
608 525 642 567 ex
653 505 728 568 libro
736 507 881 587 degener.
890 505 977 568 anim.
986 505 1102 567 lllsunt
1113 503 1241 585 μ.7566

104 601 227 664 13-25
243 610 450 684 praeterquam
474 604 554 684 quod
576 602 617 666 ibi
642 622 724 666 nunc
745 606 827 667 deest
841 605 913 667 illud
928 604 1082 686 difficulter
1097 606 1243 684 pareres·

100 704 375 783 accensarentur:
408 703 495 784 idque
528 702 653 766 librariis
682 704 868 768 intercidisse
889 705 950 767 veri
980 703 1165 766 simillimum
1194 709 1240 762 est

100 802 273 882 praesertim
297 821 364 866 cum
381 823 407 865 v.
424 803 465 863 22
481 804 712 866 'monedularum
738 805 848 867 rnentio
872 804 948 867 adsit
969 823 1045 885 quae
1067 807 1240 865 mansuetae

100 901 228 965 alantur.
272 903 349 966 Tum
383 921 451 965 vero
485 903 563 984 apud
596 904 724 966 Plinium
757 905 929 967 reducimur
961 904 997 966 ad
1020 923 1049 984 p.
1065 901 1127 965 618
1143 901 1166 962 Β
1184 898 1238 961 13:

101 997 178 1084 περὶ
202 988 242 1063 δὲ
266 999 342 1075 eoric
366 992 505 1085 χρόνιος
530 999 566 1066 ἐν
592 999 642 1076 οἷς
667 994 842 1066 αἰιοόλονιο
868 999 901 1066 oi
930 997 1065 1086 Μηδίου
1092 999 1179 1074 ξένοι
1203 995 1240 1061 ἓν

101 1091 280 1183 Φαρσάλῳ,
317 1097 436 1184 ἐρημία
476 1098 513 1164 ἐν
541 1111 612 1175 τοῖς
641 1099 760 1176 τόποις
794 1111 866 1176 τοϊς
902 1099 980 1184 περὶ
1012 1096 1155 1184 Ἀθήνας
1183 1095 1238 1160 καὶ

101 1192 358 1281 Πελοπόννησον
386 1191 512 1276 ἐγένετο
542 1196 691 1284 κοράκων
721 1195 764 1274 ὥς
793 1197 933 1280 ἐχόντων
968 1195 1131 1283 αἴσθησίν
1166 1218 1240 1261 τινα

99 1295 154 1378 τῆς
183 1291 266 1378 παρ’
296 1291 466 1380 όλλήλλων
495 1294 683 1381 optumae:
715 1300 754 1362 ita
783 1309 817 1362 ut
846 1299 973 1362 dubitari
1002 1300 1121 1380 quidem
1144 1297 1240 1379 possit

99 1413 171 1457 num
192 1394 270 1457 forte
284 1395 362 1456 Plini
385 1396 430 1458 illa
453 1416 517 1458 cum
540 1399 675 1477 qlctticat
697 1415 790 1460 vocem
806 1418 865 1480 eqs.
880 1399 958 1480 apud
974 1398 1167 1461 Aristotelem·
1184 1413 1238 1477 pe-

99 1494 216 1570 rierint,
246 1493 358 1575 ineptia
391 1504 490 1558 autem
513 1496 693 1559 inculcatum
725 1497 909 1579 apertissima
943 1517 959 1560 a
991 1497 1082 1560 latino
1105 1496 1239 1559 videatur

98 1592 275 1674 interprete:
311 1599 343 1656 ιἰι
371 1598 504 1674 auspiciis
533 1597 621 1658 aolus.
671 1596 730 1658 Sed
763 1597 851 1671 etiam
884 1598 916 1659 in
950 1597 1026 1660 Plini
1048 1596 1120 1673 §31
1154 1597 1239 1673 locus

99 1709 219 1770 gracum
242 1693 320 1757 idem
344 1697 383 1769 (v.
400 1694 418 1756 9
434 1696 512 1775 sqq.)
536 1694 694 1776 respicitur
718 1697 891 1777 etquidem
915 1697 1011 1760 verbis
1033 1696 1095 1759 his:
1127 1695 1239 1777 polluat

98 1793 175 1855 aidis
200 1793 299 1874 pullos
328 1813 361 1855 οι
385 1793 485 1856 volare
510 1804 611 1874 coquat
640 1798 732 1869 coroi3
767 1797 866 1876 fatuus
891 1814 957 1858 suos
984 1797 1090 1878 fcqoat
1118 1796 1235 1875 locaqiua

99 1889 175 1962 Quid
191 1909 260 1953 vero
276 1889 435 1972 deinceps?
450 1911 553 1970 graeca
568 1890 603 1956 ἐν
617 1903 687 1967 τοῖς
702 1903 833 1978 μικροῖς
848 1897 983 1977 χωρίοις
999 1939 1006 1956 .
1020 1939 1048 1956 ..
1064 1888 1124 1957 δύο
1140 1888 1238 1976 μόνοι

98 1991 247 2065 γίνονται
262 1992 372 2054 mnam
394 1992 426 2054 in
450 1993 570 2055 modum
592 1993 631 2055 ita
653 1993 743 2056 latine
768 1993 977 2056 enuntiantur:
997 1997 1097 2074 porois
1118 1996 1149 2055 iu
1170 1997 1238 2055 vicis

98 2106 156 2151 noa
177 2089 244 2170 plus
274 2089 343 2152 caua
367 2095 498 2171 coaa'uqio
526 2090 605 2153 suot!
640 2092 739 2173 ltaque
762 2101 944 2156 correctores
974 2093 1069 2156 Plinio
1102 2100 1153 2155 aut
1178 2111 1239 2154 αοο

98 2191 229 2268 coaiuqio
253 2188 362 2251 dabant
386 2198 437 2252 aut
463 2191 560 2251 linum
586 2194 749 2270 centuplum
772 2200 822 2253 aut
842 2193 902 2254 dmi
915 2195 1042 2272 concupio
1063 2211 1138 2272 quae
1160 2198 1238 2254 stare

98 2287 240 2352 nimirum
260 2288 357 2350 omnia
373 2296 541 2376 nequeunt:
564 2289 648 2368 quasi
669 2306 731 2351 non
752 2289 887 2352 facillime
909 2291 957 2353 hic
978 2309 1098 2373 quoque
1115 2298 1147 2351 ut
1169 2288 1238 2351 Ari-

98 2385 213 2448 stotelis
229 2405 326 2449 sermo
338 2388 525 2450 mutilaretur
540 2387 667 2450 accidere
679 2389 824 2468 potuerit:
838 2399 867 2453 et
882 2390 966 2471 quasi
981 2406 1044 2452 non
1059 2387 1134 2450 adsit
1149 2388 1238 2450 etiam

98 2485 254 2566 vestigium
270 2487 387 2567 aliquod
402 2487 522 2550 lacunae
541 2486 573 2548 in
589 2488 797 2573 manuscriptis
822 2488 858 2551 iis
884 2489 935 2570 qui
955 2488 1093 2561 exhibent
1108 2505 1162 2569 pro
1178 2481 1238 2550 όόο

97 2578 195 2666 μόνοι
231 2588 379 2664 γίνονται
412 2586 509 2668 potius
542 2581 602 2648 δύο
638 2584 699 2668 μὲν
735 2585 808 2651 οἷον
842 2590 1008 2667 γίνονταις
1043 2588 1135 2652 tueris
1172 2605 1243 2675 ecce⁴

98 2702 156 2764 qua
178 2685 293 2748 ratione
316 2686 411 2748 hiatus
428 2693 565 2748 nascatur
585 2685 726 2765 primum,
750 2672 857 2768 postea*
872 2697 1032 2753 consuatur
1054 2687 1238 2769 exemplum3

97 2783 247 2864 legebatur
268 2785 345 2848 lere:
376 2780 443 2847 δύο
473 2781 543 2864 μὲν
572 2781 662 2847 οἷον
691 2782 727 2847 ἐν
756 2786 940 2866 Κραννῶνι,
967 2785 1008 2848 ιὰ
1033 2784 1070 2848 δὲ
1097 2783 1239 2848 πλεῖστα

97 2884 246 2968 ιόιιαρες
280 2886 481 2962 γίνονται.
536 2882 671 2964 Denique
704 2902 773 2945 vero
805 2885 883 2964 apud
917 2885 1045 2947 Plinium
1079 2885 1166 2945 etiam
1202 2882 1238 2946 ad

96 2966 206 3046 librum
229 2984 266 3045 de
287 2982 387 3046 Mirab.
411 2981 572 3045 Auscultat.
596 2981 733 3062 pellimur
754 2981 864 3043 verbis:
897 2986 1038 3061 qeaitores
1062 2982 1156 3044 euboli
1180 2982 1238 3044 loco

97 3083 213 3156 cedant:
246 3100 314 3144 nam
337 3084 386 3143 Ar.
401 3101 430 3161 p.
446 3080 509 3143 842
524 3081 546 3141 n
564 3082 602 3141 10
627 3089 655 3142 et
677 3081 837 3144 Crannonii
859 3081 940 3142 corvi
974 3082 1080 3142 adsunt
1113 3088 1143 3142 et
1174 3080 1239 3160 ipsa

98 3181 170 3243 haec
202 3180 363 3253 sententia,
397 3199 465 3242 cum
494 3188 597 3242 contra
626 3180 690 3241 loco
720 3179 775 3242 eici
807 3179 879 3261 pulli
901 3179 1038 3242 dicantur
1070 3179 1101 3240 in
1133 3177 1238 3258 pagina
1332 3212 1333 3215 =

97 3278 263 3342 Aristotelis
289 3278 350 3341 618
374 3279 457 3361 prius
479 3287 611 3361 respecta
633 3279 721 3340 Bll.
1039 3296 1041 3299 ·
1076 3266 1079 3271 ’

136 3373 138 3378 ’
182 3380 220 3439 at
244 3379 277 3441 in
302 3377 398 3440 Plinio
425 3378 521 3441 hiatus
547 3378 680 3440 lectionis
705 3378 878 3441 manifestus
905 3384 952 3439 est
976 3377 1016 3438 IX
1031 3376 1089 3452 743
1113 3394 1182 3438 nam
1206 3375 1241 3437 in‘

99 3478 246 3539 sententia
263 3477 355 3559 qualis
379 3477 490 3539 editur:
515 3479 621 3540 darant
637 3478 804 3557 (onqaaa'lloe)
832 3486 857 3538 ct
882 3480 941 3538 salec
956 3495 1032 3556 aquo
1053 3479 1127 3539 scala
1141 3475 1238 3537 diebos

98 3575 230 3657 aquilone
244 3579 380 3657 epitome,
406 3586 504 3639 austro
526 3577 720 3657 paucioribus.
751 3575 786 3637 le
800 3577 918 3638 hiemem
943 3573 1057 3638 eaedem
1077 3579 1108 3637 ιἰι
1133 3579 1239 3656 emique

98 3694 174 3756 aquo
188 3693 247 3737 eoa
261 3674 386 3737 tolerant
400 3694 438 3737 ne
461 3694 525 3737 rem
548 3682 698 3738 narratam
714 3675 901 3755 castigemus,
924 3674 1066 3738 destituta
1080 3693 1170 3737 sensu
1195 3681 1241 3735 est

97 3773 240 3854 particula
262 3784 304 3848 ot:
327 3793 424 3856 neque
446 3775 563 3838 hiemem
578 3775 678 3855 potius
700 3775 825 3838 traditur
841 3792 929 3856 quam
952 3774 1055 3851 dieram
1074 3785 1169 3856 'quare
1190 3773 1237 3836 in·

98 3880 200 3953 specto
222 3873 386 3935 Aristotelis
419 3873 484 3935 loco
515 3893 551 3935 eo
585 3873 636 3954 qui
668 3874 815 3952 praeclare
846 3873 894 3935 hic
922 3875 1069 3954 repetitur
1090 3893 1117 3954 p.
1135 3870 1236 3934 aeta

101 3970 234 4034 16-23
258 3973 329 4034 haec
361 3971 423 4034 lere
456 3972 668 4035 nanciscimur:
702 3970 842 4036 Ducant.
861 4018 891 4035 ..
917 3983 1014 4036 austro
1043 3971 1235 4054 pacandas.

98 4069 207 4133 Aestate
228 4073 386 4152 anassem·
415 4075 447 4133 ic
478 4075 592 4134 va'oarc'o
618 4089 677 4136 coa
695 4082 823 4154 poseant,
856 4082 886 4133 ot
914 4072 1011 4134 hieme.
1056 4070 1178 4133 Eaedem
1206 4073 1237 4130 in
1279 4125 1281 4130 ,

97 4173 202 4250 eoique
216 4188 292 4251 aquo
305 4189 363 4232 ιιοιι
377 4160 521 4232 cataroae*
545 4171 703 4241 Tolerandi
725 4172 805 4234 enim
828 4169 949 4233 verbum
965 4171 1053 4232 etiam
1068 4167 1237 4231 absolutum

98 4269 233 4350 usurpari
258 4269 294 4330 ab
316 4267 609 4331 accusativo'notum
632 4278 686 4331 est.
1074 4267 1087 4277 ”

184 4367 242 4429 Sed
275 4367 373 4429 locum
406 4368 574 4430 evolvamus
607 4367 779 4455 ampliorem
805 4367 879 4430 Plini
896 4366 935 4427 lX
954 4365 1009 4426 161
1035 4373 1068 4427 ut
1090 4382 1148 4446 qua
1173 4366 1236 4445 lege

99 4475 254 4548 excerptus
278 4466 448 4533 Aristoteles
468 4469 508 4528 sit
529 4467 635 4530 clarius
657 4478 839 4549 compareat:
