2902 5040
601 279 846 342 -169—

154 453 246 532 Vulgo
278 454 381 534 legunt
399 451 449 516 ‘dv
481 450 669 528 Μαιώταις,
704 474 759 517 nos
788 474 850 516 rem
878 456 916 517 ita
938 454 1161 517 adornabimus:
1196 470 1294 536 σκορ-

154 547 235 634 detq
265 549 419 635 πηλαμύς
450 550 546 634 (ἔστι)
575 551 691 638 μικρά,
723 549 768 637 (ἢ)
798 550 929 637 νήχεται
959 551 995 616 ἐκ
1022 551 1205 634 μαιώτιδος
1233 553 1294 633 (οἷς

154 647 211 713 τὸν
241 646 391 732 Πόντον).
436 653 479 714 lta
513 653 592 716 enim
620 655 708 718 etiam
729 654 857 735 reliques
880 654 937 716 boo
963 654 1109 735 incapite
1131 653 1293 718 sententias

153 749 351 813 conformavit
372 751 563 815 Xenocrates.

154 863 248 924 colia
270 863 332 926 sive
347 864 492 927 Parianus
514 865 576 927 sive
595 864 708 926 Sexita·
738 885 800 945 cap.
813 867 870 931 34:
887 863 1025 928 κολίαι
1037 861 1192 947 εὔστομοι
1204 884 1295 948 κινη-

154 979 211 1023 nne
239 981 256 1023 a
279 963 401 1042 patria
423 964 586 1039 baetica,
615 965 710 1025 lacer·
737 963 824 1028 τικοὶ
851 960 992 1039 κοιλιλνς·
1020 962 1232 1047 κράτιστοι
1258 960 1293 1027 δ’

155 1070 254 1135 torum
277 1062 419 1124 minimae
441 1062 494 1142 (ita
516 1063 583 1125 cod.
599 1063 632 1123 B.
656 1066 708 1124 mi·
739 1065 776 1132 ci
798 1063 1001 1152 Ἰβερικολ.

152 1163 228 1223 nent
242 1162 343 1238 vrell.);
376 1161 411 1223 ab
444 1161 491 1223 bis
520 1160 710 1224 *monereses

154 1252 292 1336 (ita‘eod.
309 1260 349 1337 133
371 1265 461 1324 monti
482 1281 539 1324 esee
560 1262 647 1337 rell).

153 1386 261 1449 Graeca
281 1388 424 1468 =plurima
461 1387 518 1449 hoc
554 1388 619 1450 loco
655 1395 706 1448 aut
738 1386 775 1447 ab
807 1383 972 1446 Xenocrate
1004 1381 1069 1462 ipso
1102 1382 1211 1443 omissa
1243 1389 1294 1441 aut

152 1479 252 1567 potius
275 1487 382 1548 amissa
403 1495 481 1548 sunt.
526 1487 670 1549 Parianus
702 1484 790 1547 colias
822 1492 912 1545 notus
945 1501 980 1544 ex
1002 1482 1075 1544 lalso
1099 1479 1225 1541 Hesiodo
1250 1487 1292 1541 est

153 1584 230 1665 apud
253 1584 360 1647 Athen.
383 1605 410 1665 p.
431 1585 491 1647 116
503 1585 533 1647 C.
578 1584 755 1646 Scombrum
784 1593 882 1645 autem
905 1583 1062 1657 Parianum
1086 1598 1154 1643 eum
1177 1580 1294 1642 noverit

153 1682 335 1746 Xenocrates
348 1702 410 1764 cap.
423 1685 472 1758 34,
489 1685 576 1746 etiam
592 1683 696 1747 celiam
710 1683 869 1746 Pariannm
879 1702 946 1746 eum
958 1683 1076 1745 novisse
1088 1680 1204 1751 credes:
1227 1698 1292 1741 cre-⁴

153 1782 204 1854 des
219 1782 306 1843 etiam
322 1783 435 1864 reliqua
455 1784 560 1845 amissa
583 1785 661 1865 apud
684 1802 752 1846 eum
776 1802 840 1846 esse
863 1782 1063 1862 sequentibus>
1079 1768 1167 1861 quam
1190 1797 1293 1841 manca

151 1881 211 1942 sint
234 1882 396 1962 perpensis
433 1883 476 1944 Ad
492 1884 616 1945 lacertos
639 1883 744 1944 celiam
759 1879 906 1961 pertinere
930 1879 1076 1960 simulque
1098 1875 1293 1940 clarissimum

152 1972 257 2041 eorum
280 1979 451 2043 Sexitanum
484 2001 549 2043 esse
570 1980 709 2043 Martialis
732 1981 819 2042 docet
841 1979 892 2040 Vll
914 1977 964 2050 78,
990 1979 1024 2039 l:
1060 1976 1132 2039 Cum
1154 1975 1296 2058 Sometom'

149 2089 279 2159 ponetur
294 2080 387 2143 cauda
401 2081 517 2155 lacerti3
539 2080 575 2142 cl.
592 2078 741 2159 Diphilum
758 2079 835 2159 apud
847 2077 953 2139 Athen.
967 2097 994 2158 p.
1011 2075 1067 2137 121
1078 2077 1116 2136 A:
1133 2077 1294 2155 κρείσσων

152 2175 191 2240 δὲ
206 2173 224 2242 ὅ
239 2175 426 2260 ἆμοκλανὸς
440 2177 496 2241 καὶ
512 2173 667 2252 ἶσττανός,
694 2173 711 2240 ὁ
736 2173 913 2249 σαξιτανὸς
935 2169 1126 2257 λεγόμινος.4
1149 2174 1295 2236 Procolto

153 2286 252 2341 autem
274 2278 353 2358 apud
368 2277 497 2340 Plinium
513 2294 575 2338 non
591 2276 679 2338 colice
694 2275 883 2337 scribendum
899 2275 951 2337 sed
967 2275 1069 2348 collem
1091 2274 1160 2336 inde
1183 2273 1293 2353 pendet

152 2381 281 2453 maletuti:
305 2376 437 2438 indidem
459 2377 490 2437 in
514 2376 577 2438 cod.
600 2374 809 2454 bambergensi
832 2375 1061 2438 adsimulatione
1083 2378 1189 2435 ortum
1204 2376 1293 2434 mial-

152 2494 224 2539 mee.
278 2475 412 2556 Denique
446 2476 572 2538 multum
607 2493 659 2554 ego
692 2473 759 2536 trivi
792 2484 912 2557 tempus
946 2474 1103 2537 divinando
1136 2473 1193 2536 sub
1226 2489 1293 2535 eor-

151 2574 326 2656 ruptissimo
350 2575 399 2637 illo
422 2592 581 2636 moneresee
602 2572 673 2653 qnid
696 2573 789 2636 latere
810 2575 855 2636 vel
877 2575 971 2656 possit
992 2574 1038 2635 vel
1060 2572 1180 2647 debeat3
1214 2588 1294 2634 nunc

151 2676 213 2734 nno
230 2666 326 2735 ''verbo
349 2673 546 2736 adscribatur:
570 2672 605 2733 ab
627 2673 669 2733 lule
692 2674 889 2737 omotariclrus.

153 2799 360 2861 tritomum:
383 2801 571 2881 pelamydum
593 2797 708 2878 generis
736 2819 797 2879 cap.
815 2797 870 2863 34:
902 2801 1111 2883 Τρίτομον
1139 2797 1196 2870 (vel
1220 2818 1292 2879 τρι-

153 2897 252 2977 magni
288 2918 329 2959 ex
364 2918 435 2979 quo
467 2907 573 2976 terna
607 2899 708 2982 cybia
735 2894 1291 2983 τών)κύβιονδύσφθαρτον,στε-

151 2999 260 3078 fiunt.
737 2992 893 3082 ριώτερον
907 2995 965 3059 τοῦ
986 2997 1111 3076 ecdico,
1138 2989 1241 3057 τᾶλλα
1256 2990 1291 3056 d'

736 3096 886 3182 ἐμφερές.
1125 3096 1128 3101 ’

151 3211 325 3307 liquibus
344 3225 443 3288 minus
474 3226 639 3292 eiciendum
672 3225 798 3308 κύβιον,
831 3244 919 3306 qnam
951 3223 1068 3304 plenius
1101 3221 1290 3286 scribendum

152 3325 283 3388 videtur:
307 3327 461 3408 τρίτομον
480 3327 609 3408 τριττὸν
623 3324 754 3408 addecet:
776 3335 905 3391 ceterum
927 3323 969 3386 ita
984 3323 1063 3386 velut
1077 3321 1133 3384 snb
1157 3323 1290 3403 apolecto
1385 3317 1388 3326 ’

151 3432 302 3488 contracta
325 3441 425 3503 graeca
450 3426 597 3505 leguntur.
903 3482 905 3488 ,

208 3559 211 3564 -
236 3524 333 3604 Atque
354 3524 400 3584 his
422 3524 667 3589 similitudinibus
689 3524 818 3589 collectis
841 3524 999 3604 neglegens
1022 3522 1136 3586 dicerer
1157 3521 1215 3584 nisi
1238 3522 1290 3587 ad-

151 3623 252 3684 derem
268 3622 390 3686 colutbio
403 3627 461 3685 eice
476 3626 611 3706 coryphia
626 3645 700 3704 quae
716 3626 817 3708 eadem
834 3638 869 3686 ex
885 3623 1028 3702 scriptore
1050 3623 1152 3685 itidem
1176 3623 1290 3687 medico

150 3731 357 3784 memorantur
378 3742 393 3783 a
415 3722 508 3784 Plinio
531 3724 637 3787 Xllllll
660 3725 701 3787 84
723 3725 813 3786 etiam
845 3723 921 3804 apud
945 3722 1142 3786 Xenocratem
1176 3731 1292 3787 exstare

151 3840 214 3900 cap.
230 3821 286 3883 22:
309 3815 351 3882 τοὶ
370 3818 408 3883 δὲ
429 3816 567 3884 κολύκια
584 3824 641 3900 (vel
656 3819 824 3907 κολούλια)
846 3818 866 3904 ἢ
886 3816 1032 3904 ικοριλχια
1054 3823 1112 3901 (rel
1134 3816 1291 3905 κορύφια)

151 3938 208 3999 qua
235 3920 272 3980 de
300 3920 425 3981 lectione
453 3922 544 3984 multa
569 3922 677 3985 frustra
704 3922 804 3985 foreis
831 3922 961 4002 disputat
986 3942 1016 4002 p.
1034 3923 1187 4002 130sqq.;
1220 3938 1290 3983 nam

150 4018 268 4080 lectioni
280 4018 431 4081 Plinianae
446 4014 582 4083 indubiae
596 4029 656 4083 tam
673 4021 777 4083 similis
788 4021 968 4084 Xenocratea
986 4030 1041 4092 est,
1056 4029 1089 4082 ut
1104 4022 1206 4085 eadent
1222 4040 1289 4083 mu-

150 4117 247 4179 ricum
270 4130 376 4195 genera
398 4119 550 4196 intellegas
571 4133 694 4181 neeesse
716 4121 761 4182 sit.
807 4121 880 4182 item
903 4122 939 4182 ad
962 4120 1037 4184 Plini
1059 4119 1183 4185 thracis:
1207 4139 1290 4200 poem

151 4215 205 4278 am
223 4216 345 4297 cephiso
366 4228 469 4278 vocem
490 4217 525 4280 ef.
540 4219 667 4281 Xenocr.
684 4238 748 4305 cap.
764 4218 799 4280 8:
822 4217 944 4303 θρανὶς
969 4216 990 4304 ἢ
1016 4217 1129 4302 ξιφίας
1145 4214 1290 4301 κητώδης

150 4311 239 4391 ἐστλ;
271 4315 312 4377 ita
345 4317 421 4378 otia
444 4316 524 4397 apud
545 4316 740 4381 Xenocratem
762 4326 835 4380 sunt
856 4334 919 4400 cap.
935 4317 975 4386 28
998 4327 1028 4380 et
1050 4318 1100 4380 32.
1143 4318 1237 4381 Porro
1258 4320 1289 4381 in

151 4413 281 4494 catalogo
303 4413 451 4481 rarissima
472 4417 547 4479 haee
562 4425 740 4481 cernuntur:
763 4419 917 4496 servendum
939 4419 1020 4486 colea,
1033 4416 1073 4504 [si
1086 4418 1240 4508 maleqcod.
1256 4419 1288 4498 B]
