2902 5040
665 321 908 385 -100-

184 579 189 590 ⁴
213 495 383 580 κόσμησις·
399 500 525 575 γίνεται
552 496 607 559 καὶ
633 493 817 559 τελειοῦται
842 498 890 569 (cl.
914 497 1029 558 Krisclri
1051 516 1078 577 p.
1096 497 1187 578 424);
1219 497 1360 561 admonet

212 600 284 660 deus
300 599 408 678 datque
423 617 519 674 arma3
543 599 594 661 sed
618 617 691 660 num
707 604 786 659 recte
807 596 1002 677 accepisse
1023 598 1119 677 legem
1142 598 1201 659 dici
1224 599 1360 678 potuerit

211 696 324 759 dubito.
357 697 411 758 Est
434 697 521 759 etiam
545 697 591 758 lex
613 697 657 758 vis
681 695 777 758 divina
800 696 844 756 rel
861 715 915 775 pro
931 697 994 776 ipso
1011 698 1067 759 deo
1082 696 1133 775 (cl.
1151 697 1187 758 de
1202 716 1235 758 ea
1253 697 1358 760 Zelleri

210 813 372 875 ilisthil.
388 797 445 875 111¹
461 833 490 894 p.
509 813 569 874 rao
593 814 654 875 adn.
672 813 705 893 2)
721 820 810 893 atque
832 812 928 892 ipsum
946 812 1030 893 quasi
1054 813 1184 875 medium
1201 831 1255 893 per
1273 815 1357 893 quod

210 913 324 994 singula
361 914 494 994 luppiter
530 913 639 994 quibus
676 931 757 987 „non
796 911 900 972 adest‘
939 913 1054 988 (Senec.
1082 913 1146 974 Nat.
1174 907 1357 990 Qu.1146)

208 1004 379 1075 adornanda
403 1032 505 1075 curare
527 1013 669 1075 rideatur.
715 1011 771 1072 Sed
800 1010 889 1072 babet
917 1013 1106 1092 continetque
1138 1013 1228 1092 magis
1259 1013 1356 1090 legem

210 1114 340 1174 mumius
364 1131 451 1193 quam
476 1112 596 1192 accepit.
641 1110 720 1184 Quin
743 1105 762 1192 ἦ
787 1107 869 1182 Διὸς
893 1106 1050 1192 βούλησις
1072 1119 1106 1171 ut
1127 1119 1226 1191 partes
1250 1112 1356 1173 mundi

208 1218 347 1289 procurat
375 1211 414 1272 ita
444 1220 544 1272 tamen
567 1211 662 1289 legem
685 1210 754 1270 aare
778 1226 839 1269 non
862 1217 960 1290 potest
982 1210 1039 1270 nisi
1061 1209 1118 1271 sibi
1149 1210 1215 1290 ipsi.
1262 1211 1357 1290 Chry·

207 1309 362 1388 sippus'de
378 1309 491 1370 mundo
507 1309 584 1388 apud
600 1307 791 1369 Plutarchum
808 1326 916 1368 comm.
935 1315 995 1368 not.
1008 1327 1036 1387 p.
1053 1308 1147 1368 1077:
1172 1305 1259 1385 λέγει
1276 1309 1356 1385 γοῦν

208 1403 411 1490 Χρύσιππος
449 1400 593 1471 ἐοικέναι
628 1408 674 1491 τῷ
708 1403 769 1489 μὲν
798 1401 970 1490 ἀνθρώπῳ
1006 1405 1063 1470 τὸν
1093 1408 1162 1469 Δία
1196 1405 1266 1468 καὶ
1296 1404 1355 1468 τὸν

207 1501 340 1589 κόσμον,
374 1507 415 1593 τῇ
448 1505 485 1569 δὲ
518 1507 608 1594 ψυχῇ
641 1504 700 1588 τὴν
726 1503 906 1586 repereram
939 1525 1119 1586 quamquam
1154 1506 1223 1586 tingi
1256 1514 1355 1586 potest

206 1605 350 1686 scriptum
373 1606 465 1668 luisse
489 1606 679 1668 concinnius:
703 1607 749 1689 τῷ
775 1604 836 1688 μὲν
862 1601 1033 1687 ἀνθρώπῳ
1062 1604 1118 1666 καὶ
1147 1606 1193 1690 τῷ
1223 1603 1352 1687 σώματι

205 1705 263 1768 rori
289 1698 473 1787 ἀνθρώπου
499 1703 556 1768 τὸν
580 1708 648 1766 Δία
674 1703 813 1768 καὶτὸν
840 1701 1039 1787 κόσμονθᾳε.
1078 1704 1176 1766 Possis
1199 1705 1354 1768 continere

205 1804 407 1866 dubitationes
431 1806 508 1885 quod
533 1804 669 1883 ambigua
693 1823 812 1884 semper
834 1824 890 1865 vox
913 1803 950 1864 sit
974 1804 1104 1865 mundus
1122 1803 1353 1884 mortaliumque

205 1920 304 1964 rerum
323 1905 494 1983 complexus
510 1902 594 1965 lacile
609 1903 698 1964 simul
714 1903 867 1982 cogitetur.
899 1901 1011 1963 Tamen
1028 1910 1149 1963 strenue
1164 1901 1263 1980 agenti
1280 1902 1350 1982 quid

204 2003 301 2082 aptius
329 2004 456 2065 scribere
479 2004 609 2083 potuerit
635 2009 722 2083 poeta
750 2002 974 2083 quaeritantium
992 2001 1056 2064 erit.
1094 2002 1196 2081 ltaque
1220 2001 1252 2061 in
1275 2001 1352 2063 hane

203 2100 344 2162 rariorem
389 2102 546 2163 lectionem
582 2102 747 2182 producor:
795 2100 940 2181 Praecepit
972 2101 1096 2162 ιιιιιιιάιιι
1132 2101 1237 2180 tepere:
1275 2102 1353 2189 dedit

148 2231 150 2237 ·
204 2218 289 2261 orma
312 2218 365 2280 per
390 2217 485 2262 omncs
519 2201 725 2281 admonuitque
759 2204 819 2273 sut3
853 2200 891 2261 ita
926 2209 958 2261 ut
993 2218 1053 2260 non
1083 2199 1191 2261 abolita
1224 2200 1263 2261 sit
1292 2201 1348 2261 nisi

202 2299 295 2378 prima
312 2299 450 2360 carminis
466 2299 563 2360 littera
579 2299 753 2368 maiuscula·
766 2299 846 2359 velut
857 2300 975 2360 Anthol.
992 2300 1040 2360 lat.
1055 2299 1131 2360 Ries.
1145 2297 1216 2371 787,
1231 2298 1248 2359 3
1265 2300 1349 2361 Ριιί-

202 2396 286 2457 sinus
301 2398 374 2459 liber
388 2397 529 2460 Accedant
543 2407 624 2460 testes
639 2417 694 2478 pro
710 2398 870 2460 Prodccmtt
884 2408 979 2476 testem
1001 2398 1078 2460 haud
1092 2397 1274 2460 dissimiliter
1286 2399 1348 2460 llal.

201 2514 228 2555 r.
245 2493 285 2554 33
302 2515 337 2556 ex
352 2497 439 2558 Etsub
456 2495 587 2557 eruimus
602 2493 729 2558 Pressus.
768 2496 830 2558 Nec
845 2515 913 2558 vero
935 2496 1011 2559 bene
1027 2496 1076 2559 ubi
1093 2496 1180 2558 datur
1195 2496 1348 2576 accipitur.

287 2593 384 2675 litque
406 2594 464 2655 hoc
486 2613 524 2656 ne
546 2594 656 2656 frustra
670 2595 835 2674 postulasse
859 2613 906 2654 me
929 2594 1074 2674 increpes.
1097 2593 1175 2656 idem
1200 2612 1347 2675 expresse,

201 2700 289 2773 atque
313 2693 389 2774 apud
414 2693 587 2756 Ciceronem
610 2693 805 2774 Chrysippus,
838 2693 996 2756 consilium
1025 2694 1088 2755 vide
1111 2712 1198 2774 quam
1224 2693 1349 2761 fideliter

200 2800 319 2855 secutus
341 2802 428 2872 poeta
450 2793 502 2865 sit,
538 2792 621 2854 cuius
644 2792 716 2853 baec
741 2811 858 2855 summa
882 2800 939 2855 est:
975 2791 1096 2854 Teutam
1125 2795 1251 2873 insenuit
1280 2795 1348 2853 uni·

199 2892 344 2954 montibus
380 2889 571 2954 conscrvuudi
604 2894 652 2953 sui
678 2900 785 2952 nutura
814 2893 970 2955 custodium
1007 2892 1078 2970 (Cic.
1108 2888 1189 2967 124).
1244 2892 1348 2973 ltaque

200 2988 321 3051 Ovidius
343 2990 400 3052 iste
415 2990 489 3052 nihil
505 2990 541 3052 de
561 3008 615 3052 suo
631 2989 728 3051 dedit:
751 3009 821 3053 nam
836 3009 937 3052 versus
953 2988 1041 3052 etiam
1064 2988 1133 3049 inde
1155 2987 1191 3049 ab
1214 2990 1347 3051 secundo

199 3088 238 3164 hi,
262 3089 370 3169 quibus
388 3094 518 3164 '‚‚eoutra
534 3089 592 3151 vim
609 3097 639 3151 et
655 3097 766 3151 metum
783 3090 845 3153 suis
861 3109 894 3152 se
910 3089 1001 3152 armis
1016 3107 1151 3171 quaeque
1166 3088 1346 3151 defendere“

199 3188 270 3265 (Cic.
291 3190 360 3266 127)
383 3189 562 3252 illustratur:

600 3300 709 3362 vitulus
731 3301 774 3362 sic
795 3318 924 3382 namque
946 3299 1077 3363 minatur

299 3400 356 3472 Qui
377 3401 511 3463 nondum
534 3399 610 3479 gerit
633 3399 663 3460 in
687 3408 790 3461 tenera
812 3399 871 3462 iam
894 3418 1035 3462 cornua
1059 3402 1165 3478 fronte,

299 3499 347 3560 Sic
370 3500 504 3561 dammae
526 3498 541 3558 f
548 3498 692 3577 egium,
716 3507 851 3578 pugnant
873 3499 982 3560 virtute
1004 3499 1133 3560 leones
1164 3562 1169 3569 ,

298 3596 335 3657 Et
358 3616 482 3660 morsu
504 3597 586 3660 canis
608 3605 637 3659 et
660 3597 768 3659 caudae
789 3597 831 3660 sic
852 3598 987 3677 scorpius
1009 3597 1070 3658 ictu

297 3696 515 3778 Concussisque
536 3696 608 3758 levis
631 3696 754 3776 pinnis
777 3697 819 3759 sic
841 3698 959 3759 evolat
981 3698 1058 3758 ales

196 3867 256 3929 lere
291 3866 381 3929 verbo
415 3876 502 3930 tenus
530 3867 694 3948 Chrysippo
729 3866 891 3940 debentur,
924 3866 1066 3947 quoniam
1089 3865 1190 3928 Cicero
1222 3867 1343 3929 exhibet

194 3970 211 4040 t
232 3967 307 4027 127:
332 3967 467 4028 cunibus
493 3970 581 4039 ιιιιιιὶ,
609 3969 676 4046 apri
700 3967 838 4038 dentibus,
864 3982 963 4027 morsu
990 3963 1093 4037 leones,
1121 3965 1181 4026 ulio
1204 3965 1277 4046 supa
1302 3985 1341 4036 se,

194 4065 254 4128 olio
269 4067 443 4145 occulmione
459 4074 604 4140 tutantem
628 4073 658 4127 et
679 4066 788 4127 iterum
811 4063 922 4140 5121:
947 4065 1022 4126 uliae
1038 4063 1228 4144 (animantes)
1251 4069 1342 4146 speleis

192 4163 317 4226 hursutae
340 4162 389 4242 (cf.
415 4163 602 4243 scorpionem
612 4161 659 4244 ?);
683 4164 756 4226 ulios
777 4182 834 4225 esse
860 4165 995 4225 cornibus
1021 4174 1159 4233 armatus,
1187 4163 1262 4226 ottus
1287 4165 1341 4226 bo-

194 4261 259 4325 bere
284 4264 388 4344 effugia
407 4281 580 4342 patruorum.
612 4263 715 4342 Neque
738 4263 841 4325 dubito
865 4263 938 4341 quin
962 4263 1050 4324 etiam
1075 4280 1232 4325 excursum
1255 4263 1338 4324 illurn

193 4378 236 4420 rr.
253 4361 295 4419 49
306 4380 372 4442 sqq.
390 4362 452 4437 (ubi
476 4380 566 4441 aper
588 4361 748 4437 inducitur)
772 4362 936 4443 Chrysippo
957 4370 1043 4442 poeta
1066 4362 1183 4424 debeat.
1230 4362 1338 4424 Scribit

192 4456 292 4519 Cicero
315 4459 418 4538 (rheu
441 4462 477 4524 lr
502 4461 603 4543 quibus
627 4461 718 4522 bestiis
742 4471 806 4522 erut
831 4463 1006 4524 tectorum
1028 4461 1339 4540 olturpenerr‘sbesriia
