2902 5040
592 345 815 407 ..99-

131 519 291 599 conposuit
315 518 495 582 Petersouus
511 519 620 582 Philus.
637 521 741 600 Chrys.
756 508 961 583 Fundamenta
982 539 1013 600 p.
1031 522 1088 582 145
1096 540 1161 601 sqq.
1195 521 1278 598 Quae

130 636 179 680 ves
202 626 236 680 ut
257 611 304 680 est
319 619 463 691 intricata,
487 620 525 680 ita
549 627 650 681 tamen
665 618 842 681 divisionem
858 639 932 698 quae
954 628 1000 681 est
1022 620 1099 682 inter
1121 617 1227 698 ἄλογα
1249 630 1278 685 ot

131 714 249 794 λογικά
280 719 346 779 luce
367 717 494 779 lucidius
517 727 562 781 est
594 736 656 780 non
678 718 856 798 pertinuisse
879 719 914 779 ed
937 725 1034 780 totum
1058 720 1204 781 mnndum
1227 721 1277 783 sed

132 817 168 877 ed
191 816 357 896 superioris
380 825 495 880 tautum
519 817 670 880 divisionis
694 826 816 896 partem,
842 818 897 878 hoc
920 826 964 878 ost
987 818 1022 878 ad
1045 808 1189 899 dispexit.
1233 819 1278 883 lta

131 914 214 978 enim
237 915 372 978 divisisse
394 917 522 978 videtur:

739 1045 771 1105 rt

673 1146 881 1338 5¹1(qu
904 1253 944 1318 ὅν

621 1361 809 1448 ἈΧἎΧ

609 1467 704 1551 σῶμα
806 1460 986 1551 ἀσώματον

570 1570 793 1655 Ν
858 1630 861 1635 -

536 1673 687 1760 ἔμψυχον
772 1671 905 1763 ἄψυχον
921 1674 1023 1762 (φυτά
1045 1675 1155 1754 λίθοι)

475 1784 733 1962 λοχγικόνΧ
729 1883 849 1964 ἄλογον
865 1888 996 1970 (θηρία)

467 1988 745 2076 ἏΧΝ

333 2085 510 2167 ἀθάνατος
624 2092 747 2176 θνητός

301 2195 345 2257 vel
361 2185 539 2275 ἄφθαρτος
576 2195 622 2254 vol
637 2194 789 2277 φθαρτός

368 2294 473 2372 (deci)
579 2290 785 2376 (ἄνθρωποι)

132 2447 235 2529 ltaque
250 2411 408 2507 corruebat
423 2444 526 2506 divisio
540 2445 597 2506 uisi
611 2446 679 2526 quid
692 2441 901 2508 inveniebatur
912 2441 1062 2528 ἔμψυχον
1072 2441 1200 2521 ἄλογον.
1226 2443 1278 2503 llt-

131 2565 189 2626 que
207 2549 307 2606 contra
323 2545 420 2606 dicere
434 2543 605 2606 Plutarchus
621 2545 649 2606 id
665 2554 782 2607 tantum
800 2538 924 2606 debehat
940 2551 990 2607 aut
1006 2545 1128 2606 omuino
1145 2542 1279 2604 dividenss

131 2644 204 2707 duim
228 2662 288 2704 nou
313 2662 377 2704 esse
401 2651 452 2704 aut
474 2654 560 2723 posse
583 2644 670 2704 etiam
700 2643 779 2705 aliud
807 2645 897 2705 statui
924 2644 1104 2724 principium
1128 2642 1278 2703 divisionis

129 2742 250 2822 praeter
278 2742 433 2813 rationem.
480 2741 683 2804 Volkmanuus
712 2741 810 2804 Lehen
841 2763 870 2804 u.
895 2743 1047 2805 Schriften
1076 2743 1128 2803 des
1151 2742 1229 2802 Plut.
1252 2741 1279 2802 ll

129 2862 158 2923 p.
183 2838 357 2903 turenae
386 2839 557 2902 Plutarchee
589 2841 661 2902 satis
690 2841 802 2903 habuit.
847 2841 979 2921 Denique
1011 2843 1042 2904 iu
1078 2841 1148 2921 ipsis
1181 2840 1278 2900 verbis

129 2939 285 3021 Chrysippi
301 2947 369 3019 post
384 2933 561 3019 ἀσώματον
576 2939 807 3000 interciderunt:
832 2939 888 3000 καὶ
904 2941 949 3023 τῷ
965 2934 1103 3022 ἐμψύχῳ
1126 2938 1163 3000 cd
1187 2933 1276 3020 dpe-

59 3030 64 3037 ’
128 3057 197 3116 χον,
221 3034 248 3097 id
273 3037 353 3116 quod
377 3057 423 3099 me
446 3037 541 3100 iudice
563 3039 626 3118 ipse
650 3038 752 3101 fraude
774 3037 924 3100 Plutarchi
945 3041 1056 3099 lactum
1079 3045 1133 3097 est.

216 3135 311 3215 Atque
327 3135 385 3196 iam
408 3139 534 3216 temperi
551 3137 781 3200 llalieuticorum
802 3156 921 3217 quoque
943 3137 1102 3198 latinorum
1121 3134 1200 3194 uude
1223 3133 1277 3223 de-

130 3235 210 3296 llexit
240 3253 340 3296 sermo
376 3238 549 3321 memoriam
583 3239 800 3317 replicabimus.
847 3239 967 3297 Constet
996 3236 1076 3296 inter
1098 3251 1203 3315 omnes
1224 3233 1276 3293 ubi

131 3334 261 3395 muudus
285 3335 377 3413 ipsius
401 3335 444 3396 dei
469 3336 579 3396 levisve
608 3338 670 3397 vice
700 3321 1083 3417 hingatur'egnoscendam
1107 3331 1276 3392 Stoicorum

129 3433 294 3493 doctrinam
329 3451 402 3493 esse.
448 3434 547 3514 lpsum
572 3435 769 3514 Chrysippum
799 3422 917 3514 quoque
953 3433 1096 3493 muudum
1120 3428 1185 3509 ‘pro
1220 3431 1275 3490 deo

129 3531 267 3592 habuisse
289 3531 390 3592 Cicero
413 3534 496 3593 testis
519 3533 550 3593 iu
574 3533 649 3594 libro
674 3535 760 3594 modo
784 3534 927 3613 explicato
950 3529 1216 3610 locupletissimum
1240 3528 1275 3587 cf.

130 3631 218 3691 ctiam
241 3630 307 3691 libri
323 3631 336 3690 l
352 3635 368 3705 ξ
387 3631 426 3691 39
448 3641 536 3711 etque
559 3633 723 3693 Philodemi
746 3632 824 3713 περὶ
841 3628 947 3711 εὗσεβ.
963 3653 992 3711 p.
1009 3629 1049 3690 82
1066 3630 1181 3707 Gomp.‚
1207 3628 1275 3687 Sto-

128 3728 342 3790 haeumllll
378 3740 407 3790 et
433 3748 507 3809 quac
531 3731 699 3792 doctissime
733 3732 892 3810 disputavit
923 3731 1045 3792 lirische
1075 3727 1195 3788 Forsch.
1226 3727 1275 3786 alt.

130 3828 204 3890 Phil.
226 3848 256 3908 p.
281 3828 342 3888 452
359 3849 414 3908 svp,
437 3830 508 3889 424.
554 3831 614 3891 lam
638 3849 706 3892 vcro
729 3841 816 3911 poeta
850 3831 958 3892 latinus
986 3839 1018 3891 ut
1041 3829 1168 3889 casulam
1192 3843 1275 3885 suam

130 3916 316 4006 piscatoriam
344 3916 505 4005 ¹grandiore
536 3928 678 3990 vestibulo
713 3937 875 4002 exornaret,
909 3928 988 3990 hunc
1022 3927 1053 3998 in
1088 3925 1209 4013 niodum
1245 3923 1275 3983 iu

130 4046 155 4087 v.
183 4027 197 4085 1
223 4028 409 4106 sequendum
433 4028 629 4109 Chrysippum
653 4029 749 4090 duxit:
1164 4043 1167 4046 ⁴

230 4143 349 4225 Accepit
372 4145 502 4208 muudus
525 4147 631 4224 legem,
654 4146 733 4208 dedit
755 4165 835 4209 arma
857 4137 910 4226 per
933 4161 1035 4207 omues

230 4242 451 4323 Admonuitquc
474 4244 529 4305 sui.

129 4372 233 4436 Trium
250 4378 406 4439 notionum
424 4378 506 4440 vcrhi
522 4375 644 4460 κόσμος
660 4379 770 4456 (Laert.
786 4380 933 4458 Diog.'Vll
953 4378 1011 4440 137
1024 4381 1081 4455 sq.)
1098 4373 1191 4454 prima
1207 4381 1275 4434 tan-

129 4475 194 4535 tum
215 4470 266 4535 illa
289 4477 320 4537 in
343 4486 481 4538 nostrum
504 4480 600 4539 locum
624 4480 808 4556 qu'adret'ut
827 4480 903 4540 deus
925 4479 964 4542 sit
986 4473 1067 4543 καθ’
1088 4470 1128 4538 ὃν
1151 4497 1170 4556 η
1197 4471 1275 4546 dvc,-

1078 4578 1116 4633 ’μ
