2902 5040
663 278 907 342 —172-

216 454 374 540 μυοίκιον·
397 453 532 539 ὅσιριον
547 450 751 529 δαλάσσιονς
777 474 845 543 nam
867 449 956 538 μιίαξ
969 456 1040 518 satis
1055 461 1154 527 notus,
1170 452 1359 519 θαλάσσιον

215 567 315 623 autem
337 556 456 621 additur
481 555 622 637 quoniam
645 556 735 618 etiam
763 557 794 618 in
817 556 952 619 amnibus
968 555 1148 636 lacubusque
1170 564 1285 618 ostreae
1307 557 1358 618 de-

215 666 291 737 gunt
314 657 363 732 (oi.
385 655 493 736 Diphil.
509 674 555 735 ap.
572 654 680 717 Athen.
695 672 723 734 p.
741 652 833 729 aad).
878 655 986 717 Errore
1008 671 1069 715 non
1103 653 1238 718 dissimili
1262 661 1360 719 ortant

216 777 281 821 esso
304 757 486 819 intellectum
506 763 555 819 est
576 754 735 818 lectionem
760 753 890 836 ξιφίας·
916 751 1014 831 exuor
1030 751 1143 826 ποιός·
1167 752 1224 815 καὶ
1240 753 1359 837 Δῆλος,

215 862 396 918 contractam
419 872 485 917 eam
509 873 543 916 ex
567 853 694 916 duabus:
718 852 847 936 ξιφίας·
879 851 976 931 exuor
1005 850 1106 925 ποιὸς
1135 851 1191 914 καί
1222 855 1360 996 σκιφίας

215 965 259 1016 et:
289 945 451 1027 σκοθιοίς·
481 952 532 1016 Δ
514 947 598 1035 pm

301 1052 500 1117 strombus.
544 1046 724 1133 στρόμβοι·
754 1046 860 1122 δίνας·
891 1046 1021 1128 κόχλοςς
1053 1060 1083 1113 et
1116 1051 1174 1114 suh
1195 990 1358 1129 σάλπιγξ·

214 1151 271 1215 και
295 1150 485 1217 θαλασσίαν
507 1141 697 1226 σάλπιγγα·
726 1146 820 1268 παρὰ
838 1138 1017 1232 ’Λρχιλόχφ
1047 1146 1085 1212 δέ
1106 1147 1164 1212 τὸν
1185 1146 1360 1232 στρόμβον.

230 1312 233 1319 ,
301 1252 415 1314 solen.
459 1245 602 1331 σωληνις
736 1269 793 1307 και
820 1247 886 1310 τῶν
918 1243 1190 1331 ὀστρακοδέρμων
1211 1271 1244 1310 τι
1266 1251 1360 1324 γένος

296 1347 407 1412 olima.

215 1368 386 1510 κονχιιιιι
430 1447 515 1511 abest
535 1445 572 1508 ab
589 1444 734 1524 hesychio
756 1444 851 1506 forma
866 1445 938 1508 haee
953 1446 1100 1508 sermonis
1116 1446 1211 1525 graeci
1234 1447 1360 1526 volgaris

215 1548 299 1617 ouius
321 1547 433 1611 similes
455 1546 530 1608 inira
547 1545 757 1607 memorabunt
744 1552 807 1620 t3ur
830 1553 923 1607 exstat
938 1552 1037 1607 tamen
1053 1546 1131 1626 apud
1154 1545 1268 1659 illuni
1259 1564 1358 1627 ipsum

215 1640 271 1718 οὖς
288 1640 484 1728 ’Λφροδίιιγς
506 1644 589 1724 quasi
612 1652 775 1705 ostrearum
798 1660 902 1722 genus.
1011 1660 1015 1673 ·

299 1742 580 1811 heli1.oonioiat
612 1742 713 1829 forsan
746 1741 852 1821 aliquis
884 1743 986 1805 adesse
1018 1761 1082 1807 eam
1105 1743 1168 1807 loeo
1192 1742 1248 1806 boo
1271 1744 1360 1824 plano

165 1862 166 1867 ¹
214 1843 316 1905 vitiose
333 1844 494 1906 traditozt
480 1840 571 1914 ἕλιξ.
590 1886 618 1903 ..
635 1886 643 1903 .
659 1839 716 1901 καὶ
731 1837 749 1905 o‘
766 1839 892 1922 καρπός
908 1863 962 1903 και
953 1839 1099 1924 ψέλιον
1113 1851 1147 1905 nt
1160 1861 1216 1923 pro
1231 1841 1359 1927 καρπὸς

213 1951 341 2023 ponatur
365 1943 409 2006 vol
430 1937 546 2020 κόχλος
568 1942 613 2004 vel
635 1936 764 2019 κόγχος;
794 1939 973 2020 probabilius
1001 1948 1080 2003 certe
1108 1943 1257 2025 prolatum
1280 1943 1356 2022 apud

215 2043 315 2104 doetus
338 2059 399 2104 non
422 2041 498 2115 vidi3
530 2039 581 2102 sed
615 2039 707 2103 enim
728 2039 829 2102 auimo
852 2040 922 2103 dunt
945 2047 1080 2121 temporo
1102 2040 1161 2104 huo
1182 2049 1235 2123 po
1222 2040 1282 2103 ius
1306 2042 1357 2103 de·

215 2140 313 2203 venio:
336 2137 392 2211 uui
414 2161 451 2202 ιο
442 2130 692 2254 καρπόδεφμα
714 2137 770 2200 και
792 2136 920 2222 ψέλιον.

300 2257 475 2320 purpura
519 2235 721 2348 πορφύραι
739 2258 764 2301 ι
780 2235 941 2321 μελίκηρα
962 2246 993 2301 et
1014 2235 1195 2322 μήλοιθρας
1216 2196 1290 2303 item
1311 2241 1355 2303 la

213 2339 274 2401 tine
297 2358 372 2418 quae
388 2338 495 2401 dieitur
518 2337 637 2399 murix
659 2333 778 2419 κάλχης
799 2338 864 2400 looo
887 2357 953 2403 esse
968 2337 1143 2401 crediderim
1165 2347 1256 2419 atquo
1277 2339 1357 2402 hano

213 2437 375 2517 Hesychius
398 2437 536 2517 explicat:
561 2430 728 2518 πορφύρα.
1156 2462 1159 2466 ’

298 2535 392 2615 pina
438 2543 535 2600 πῖναι
569 2530 657 2606 εἶδος
691 2531 810 2611 ίχδιίος
840 2532 903 2597 καὶ
930 2494 1136 2674 ὀστρακιόδες
1168 2533 1354 2615 κογχιίλιονς

184 2683 188 2687 .
214 2633 322 2696 deiude
344 2633 503 2715 utrobique
526 2632 614 2695 etiam
825 2685 828 2692 ι

298 2733 510 2814 pinoteres
554 2728 747 2815 πινοιήριγς·
779 2729 973 2815 πινοφύλαξ
992 2696 1183 2815 λεγομένας
1211 2674 1353 2798 πίναδ’

213 2829 304 2906 eidos
336 2827 480 2917 ὀστρέου
526 2833 560 2894 ln
591 2831 700 2914 quihus
723 2849 744 2892 ιι
766 2832 930 2912 simplicem
964 2833 1054 2896 sorihi
1086 2853 1148 2896 non
1181 2832 1220 2896 ita
1255 2834 1352 2912 magni

212 2932 301 3008 lacio3
334 2933 479 3013 duplicem
512 2932 681 2994 Athenaeus
715 2950 744 3011 p
772 2929 843 2992 891)
865 2930 917 3011 (ef.
943 2932 1038 2995 llanhi
1061 2932 1103 2995 De
1124 2934 1180 2996 lex.
1195 2933 1262 2995 Hes.
1286 2952 1353 2995 vera

212 3031 286 3112 orig.
301 3051 331 3112 p.
347 3032 411 3110 80).

269 3131 401 3197 ouide
424 3148 531 3213 quam
555 3148 622 3192 nos
628 3130 794 3193 urticam
811 3149 1009 3193 voeamus:
1027 3085 1153 3193 κνίδαι·
1170 3086 1350 3214 ἇκαλῆφαι.

297 3231 433 3294 Ceterum
457 3231 569 3296 oooloas
602 3229 691 3293 etiam
723 3232 822 3311 plures
856 3251 890 3294 ex
924 3231 1155 3294 exuberantibus
1178 3229 1350 3322 Diogeniani

211 3330 302 3410 copiis
325 3329 485 3410 Hesychius
506 3329 592 3393 velut.
608 3322 745 3415 σιλάιης
767 3323 911 3412 repetes.
934 3330 1049 3393 norro
1072 3338 1304 3410 componantur:
1346 3362 1349 3371 =

296 3429 419 3510 aphyo.
448 3423 577 3512 Ιοἷφιιίγ·
593 3427 634 3489 τὰ
655 3426 757 3511 μικρὰ
781 3425 938 3508 λχδόδιας
965 3440 995 3492 ot
1017 3424 1125 3513 ἇφόα·
1148 3426 1309 3511 μεμβράς.

296 3528 463 3590 eitharns
508 3528 749 3590 rhomborum
792 3528 943 3610 generis
988 3546 1202 3610 pessumus:
1247 3529 1350 3591 κίδα-

211 3644 281 3709 ρος·
386 3625 442 3689 καὶ
475 3622 575 3705 ἰχθύς
607 3635 636 3689 et
664 3626 719 3689 suh
742 3636 897 3711 μαρΐνος·
931 3625 1072 3712 κίθαρος
1095 3625 1194 3706 aperte
1215 3619 1349 3690 δαλάσ

211 3742 294 3802 σιος
336 3727 392 3789 Hio
424 3726 512 3807 piscis
546 3726 616 3789 satis
648 3743 733 3788 rarus
762 3734 792 3788 et
814 3727 909 3790 Plinio
931 3728 1060 3808 ignotus.
1105 3728 1185 3791 Alius
1207 3734 1261 3788 est
1275 3743 1348 3789 σκι-

212 3821 317 3901 θακός
332 3826 409 3906 apud
426 3825 603 3906 Hesychium
619 3826 665 3889 vol
688 3827 878 3910 σκίδαριιος,
903 3827 952 3958 qui
976 3828 1054 3891 idem
1071 3835 1158 3908 atque
1173 3823 1349 3910 ιράχοορος

210 3927 327 3989 dieitur.

295 4023 441 4088 ohalois.
485 4020 613 4102 χαλκίς·
636 4023 725 4098 εἶδος
746 4019 863 4107 ὀρνέου
884 4045 939 4087 και
930 4022 1076 4154 ίχδιίος
1102 4032 1131 4089 el
1157 4025 1214 4088 sub
1234 4022 1347 4104 puisi»

210 4122 313 4188 δικων
333 4124 469 4204 χαλκίς·
486 4118 634 4203 diffinio

294 4224 412 4288 cohio.
456 4221 584 4296 κωδός
617 4220 738 4306 κωβιός
761 4235 791 4288 et
812 4226 987 4306 σωσίβιοι·
1019 4225 1147 4306 κωβιοί.
1192 4225 1346 4288 Praeterea

209 4326 284 4406 apud
321 4325 498 4407 Hesychiurn
531 4325 693 4404 κωβῖτις·
736 4318 756 4409 ἡ
792 4322 889 4408 losoni
926 4319 1015 4410 ἆφιίη
1053 4325 1143 4405 (idom
1176 4325 1346 4397 ¹Athenaeus
