2902 5040
610 294 833 356 ..12-

153 471 267 532 Sonare
297 468 407 549 grande
435 468 559 530 ridetur.
605 469 718 531 Sensus
745 477 796 532 aut
818 470 917 531 nullus
945 478 996 531 aut
1016 471 1138 534 ridiculo
1161 490 1295 533 mancus.

152 569 238 631 Modo
255 587 341 630 canes
356 563 498 642 laudavit}
520 584 602 629 nunc
616 575 710 629 artem
727 577 820 640 vocat,
838 587 1007 647 quamnam,
1031 571 1055 631 si
1072 568 1189 650 placet?
1216 571 1297 632 Num

152 662 273 729 omnem
317 663 579 745 qualemcunque?
634 684 672 726 an
715 664 885 746 poeticam?
927 669 1093 748 Utrumque
1146 669 1295 733 insanum.

152 766 313 828 Praebetur
341 765 391 825 lux
418 784 489 825 voce
517 783 568 826 nec
595 775 689 826 tornea
715 765 748 826 in
776 784 802 825 v.
826 764 881 828 83:
912 784 984 828 non
1012 769 1075 830 vult
1101 769 1209 847 pellere
1235 769 1298 831 lec·

151 873 246 926 torem
259 872 343 943 poeta
355 863 387 923 in
399 863 498 943 ipsum
513 862 643 924 medium
658 864 828 942 pelagus,
850 883 1068 944 quamquam
1085 867 1200 944 positus
1214 867 1299 929 labor

152 983 224 1025 suus
247 963 285 1023 sit
300 962 339 1023 in
354 969 434 1022 arte
457 995 499 1004 —-
521 961 689 1022 necessario
712 960 863 1041 supplebis
885 965 1048 1043 pelagia,
1071 966 1127 1027 hoc
1149 971 1193 1026 est
1216 965 1299 1045 pis-

153 1060 307 1122 catoria.
337 1058 441 1139 ltaque
456 1059 488 1121 in
510 1059 681 1120 hexametro
705 1059 815 1121 amisso
844 1069 874 1121 et
896 1062 953 1122 hoc
967 1062 1119 1140 legebatur
1139 1072 1168 1124 et
1183 1063 1299 1126 mentio

151 1169 264 1233 ter1·ae;
292 1157 417 1237 exprimi
445 1165 545 1218 autem
576 1176 610 1217 eo
640 1156 711 1219 nihil
733 1165 850 1237 poterat
879 1159 936 1222 nisi
963 1161 1104 1224 transitus
1127 1181 1143 1222 a
1165 1163 1300 1225 terrestri

152 1256 310 1319 venatione
343 1257 379 1320 ad
408 1255 540 1336 piscandi
569 1262 663 1317 artem
689 1256 795 1318 factus.
844 1258 929 1330 Quod
957 1259 1030 1319 adeo
1053 1259 1172 1339 planum
1196 1268 1301 1323 estut

153 1374 221 1417 raro
243 1363 304 1418 tam
328 1362 408 1416 certo
432 1354 538 1416 amissa
561 1355 710 1432 complere
733 1355 858 1416 licuerit.
902 1356 1052 1435 Scriptum
1076 1357 1140 1418 fere
1163 1359 1233 1421 tuit:

251 1508 305 1568 Ast
328 1505 390 1567 aliis
414 1513 551 1567 terram
575 1505 722 1567 cedamus.
766 1505 900 1585 Namque
923 1507 1065 1568 marina

251 1605 357 1666 Noster
378 1605 416 1665 in
440 1611 522 1664 arte
544 1601 626 1664 labor
648 1604 772 1682 positus,
795 1622 862 1682 spes
886 1604 984 1666 omnis
1007 1605 1038 1666 in
1060 1606 1117 1667 illa.

251 1704 310 1763 Nec
332 1712 434 1764 tamen
456 1703 487 1762 in
509 1701 621 1762 medias
643 1701 769 1780 pelagi
791 1710 820 1762 te
842 1720 964 1782 pergere
987 1704 1071 1765 sedes

250 1802 434 1862 Admoneam
457 1800 590 1879 vastique
612 1799 702 1860 maris
725 1807 868 1880 temptare
892 1802 1084 1880 profundum.

251 1901 263 1961 l
272 1908 359 1961 nter
381 1905 585 1977 utrumque
608 1897 665 1958 loci
687 1897 801 1958 medius
824 1899 1016 1961 moderabere
1038 1901 1139 1963 finem.

151 2051 261 2115 Medius
291 2069 344 2130 pro
372 2051 474 2113 melius
507 2051 537 2111 in
566 2069 591 2110 v.
622 2048 662 2110 85
692 2049 862 2112 dubitanter
883 2052 987 2131 posui3
1020 2054 1117 2115 valere
1150 2056 1207 2117 hoc
1234 2058 1300 2118 loco

152 2152 305 2213 videbatur
320 2151 461 2212 Ovidiana
479 2149 621 2211 memoria
642 2148 721 2223 (Met.
743 2149 778 2218 ll,
803 2149 861 2209 140
886 2159 916 2210 et
937 2150 1023 2226 137);
1048 2151 1126 2215 Inter
1147 2164 1300 2235 utromque

151 2261 225 2322 tcum
249 2250 340 2311 medio
363 2252 518 2310 tutissimos
538 2249 593 2308 itis
615 2250 665 2322 (cf.
686 2250 720 2309 A.
734 2247 765 2308 A.
790 2248 824 2319 11,
847 2248 908 2321 63„
930 2248 1084 2321 Metvhl,
1108 2249 1179 2312 206.
1202 2254 1224 2326 1,
1248 2255 1299 2316 50.

151 2348 232 2409 Rem.
250 2348 335 2426 810).
379 2347 421 2407 De
443 2347 497 2407 loci
516 2347 603 2426 finem
624 2345 701 2405 infra
724 2345 828 2407 dicam.
873 2348 917 2407 Ad
940 2349 1131 2411 crumillam
1155 2355 1302 2413 marinam

152 2447 287 2507 conferre
308 2445 397 2506 libeat
418 2448 550 2524 aequoris
571 2454 646 2504 ortes
669 2441 722 2501 Or.
746 2443 813 2504 Met.
831 2444 901 2518 Vlll,
925 2443 996 2506 857.

236 2559 298 2618 Hac
331 2557 444 2618 sublata
477 2556 649 2618 difficultate
682 2573 758 2634 quae
791 2557 837 2616 vel
869 2557 1051 2621 criminanda
1085 2560 1129 2619 vel
1167 2562 1301 2621 notanda

152 2657 275 2718 viderim
301 2676 333 2717 ca
350 2656 504 2717 ostendam
519 2653 666 2715 *brevitate
681 2672 756 2733 quae
771 2654 815 2714 rei
831 2657 979 2719 convenit.
1023 2656 1123 2735 lpsum
1141 2659 1297 2719 exordium

152 2756 238 2816 adeas
261 2756 292 2815 in
315 2773 374 2833 quo
408 2755 500 2815 multa
535 2751 657 2814 crimina
692 2769 766 2830 quae
799 2769 861 2812 non
893 2762 992 2815 essent
1022 2754 1106 2816 Ovidi
1140 2766 1301 2818 senserant

151 2854 268 2915 Mureti.
314 2854 387 2914 Nam
409 2871 482 2914 num
507 2852 577 2931 quid
599 2852 747 2914 interierit
770 2861 839 2914 ante
863 2869 980 2913 versum
997 2871 1084 2931 quem
1102 2872 1157 2914 nos
1173 2854 1300 2931 legimus

151 2953 282 3032 primum
306 2952 449 3013 hocloco
473 2969 613 3031 quaerere
637 2970 698 3012 non
721 2955 829 3024 refert,
863 2951 1004 3029 quoniam
1037 2951 1150 3030 integra
1184 2961 1300 3031 prostat

152 3051 307 3113 sententia
322 3051 409 3111 haec:

294 3188 411 3268 Accepit
433 3191 563 3252 mundus
587 3192 690 3269 legem,
713 3192 795 3253 dedit
818 3208 899 3251 arma
921 3207 974 3268 per
997 3205 1101 3249 omnes

294 3288 515 3367 Admonuitque
538 3289 594 3352 sui.

151 3429 247 3507 Atque
270 3445 332 3488 non
354 3427 508 3488 insolitum
531 3427 587 3489 hoc
608 3429 748 3509 placitum
773 3447 838 3490 esse
862 3425 961 3487 omnia
983 3425 1118 3486 animalia
1134 3444 1188 3504 per
1202 3425 1299 3503 legem

151 3534 272 3587 naturae
298 3544 368 3586 suae
402 3525 489 3587 saluti
521 3527 695 3588 incumbere
728 3528 760 3588 in
794 3524 959 3606 posteriore
991 3531 1074 3603 parte
1107 3522 1196 3583 huius
1229 3523 1300 3585 libri

151 3624 360 3703 disputabitur.
421 3623 525 3703 Neque
559 3624 588 3686 id
620 3625 669 3686 hic
701 3624 813 3687 absolvi
847 3630 943 3702 potest
976 3641 1034 3700 quo
1067 3621 1131 3682 iure
1168 3624 1299 3683 mundus

151 3730 251 3802 aperte
273 3722 386 3801 positus
409 3742 463 3802 pro
486 3741 586 3785 rerum
611 3729 715 3784 natura
749 3722 894 3801 accepisse
926 3720 1025 3798 potius
1058 3718 1170 3797 aliquid
1201 3720 1300 3798 possit

150 3840 239 3902 quam
262 3827 314 3882 aut
336 3820 443 3882 habere
466 3829 515 3882 aut
538 3823 616 3883 dare.
661 3821 747 3882 Certe
780 3838 841 3880 non
872 3819 933 3892 lex,
968 3819 1020 3879 sed
1053 3817 1131 3879 idem
1167 3819 1299 3881 mundus

151 3926 196 3982 est
218 3919 269 3998 qui
291 3937 371 3980 arma
396 3919 517 3994 dederit,
541 3919 772 3998 habilioremque
794 3919 833 3980 ita
856 3936 918 3979 rem
947 3916 1162 3978 conformabis:
1184 3918 1300 3998 accepit

150 4017 282 4079 mundus
305 4017 397 4094 legem
422 4025 455 4076 ut
478 4036 559 4078 arma
582 4017 673 4078 daret.
719 4015 904 4095 Culpandum
926 4023 1023 4076 autem
1047 4022 1092 4075 est
1114 4013 1190 4075 dedit
1212 4033 1300 4078 orma

146 4133 201 4194 per
223 4132 318 4174 omnes
340 4133 469 4193 quocum
492 4115 624 4192 Zingerle
647 4133 675 4193 p.
692 4113 732 4175 28
756 4115 926 4175 Burmanno
951 4114 1025 4174 duce
1048 4112 1183 4173 conferre
1207 4113 1298 4175 iussit

151 4212 236 4274 Ovidi
257 4211 328 4274 Met.
343 4212 379 4285 X,
396 4214 457 4273 546
487 4214 564 4275 Nece
597 4216 678 4292 feros
711 4214 811 4293 quibos
833 4212 1014 4274 armadedit
1041 4221 1150 4272 notare
1177 4211 1296 4283 locesse;

151 4311 277 4390 optime3
307 4310 385 4371 vides
409 4312 488 4372 enim
511 4312 542 4372 in
559 4312 618 4372 Hal.
644 4331 763 4391 quoque
785 4311 973 4372 scribendum
993 4309 1087 4370 fuisse
1102 4308 1206 4369 Ovidio
1222 4310 1299 4373 dedit

151 4411 280 4470 omnibus
303 4428 397 4484 ormo,
420 4410 466 4470 vel
489 4411 558 4472 dore
582 4410 657 4470 miro
679 4411 767 4471 modo
789 4428 843 4490 pro
867 4409 1034 4471 destribucre
1060 4407 1194 4469 habitum
1219 4426 1292 4469 esse.
