2902 5040
596 311 838 375 -185—

149 488 206 549 init
227 521 278 561 —,
312 488 336 549 is
370 495 468 549 tamen
498 487 535 549 de
562 505 679 549 summa
713 487 784 548 mihi
818 487 966 549 sententia
1003 505 1077 567 quae
1103 488 1140 548 ad
1173 495 1290 566 tempus

148 587 277 667 pertinet
306 586 395 648 etiam
428 585 607 666 propensius
640 587 817 665 suffragetur
845 604 968 646 necesse
996 585 1061 647 erit.
1113 590 1210 665 Atque
1243 586 1291 646 bio

149 686 270 748 tandem
293 704 401 746 ancora
422 684 525 747 iacitor
549 684 630 746 naris
653 684 815 746 consistito.
854 685 915 745 lam
939 684 989 745 diu
1012 684 1091 745 enim
1113 684 1289 746 inclamatus

150 786 223 848 mihi
247 785 362 846 videor:

249 897 435 977 Torquemur
458 896 559 957 miseri
580 895 612 955 in
633 894 729 974 parvis
751 894 934 975 terimurque
956 895 1054 956 labore

250 996 424 1056 scrutamur
446 994 537 1056 rimas
559 994 722 1055 evertimus
746 1011 836 1055 omne
859 993 1049 1073 profundum.

698 1238 747 1300 xl.

176 1429 179 1435 .
234 1379 312 1440 Loco
345 1378 517 1459 appendicis
549 1397 613 1439 rem
648 1377 800 1439 metricam
834 1377 927 1458 qualis
961 1386 991 1440 et
1024 1379 1055 1439 in
1088 1378 1192 1439 Ovidio
1226 1379 1292 1457 ipso

150 1486 180 1539 et
203 1478 234 1539 in
258 1477 427 1540 Halieuticis
449 1476 544 1538 valeat
567 1485 721 1538 tractatam
744 1494 760 1537 a
782 1495 831 1536 me
854 1477 897 1538 nd
921 1477 989 1538 hist.
1006 1478 1073 1538 hex.
1089 1477 1136 1539 lat.
1153 1495 1181 1556 p.
1199 1477 1292 1555 53sq.

150 1578 207 1637 hoo
229 1577 293 1637 loco
315 1575 490 1637 retractabo.
530 1575 616 1648 Quod
640 1575 720 1637 enim
741 1576 930 1637 hexametros
952 1583 997 1637 tot
1020 1576 1157 1638 millenos
1179 1576 1211 1637 in
1234 1575 1293 1636 cal-

150 1675 215 1737 culo
243 1685 315 1736 tunc
341 1693 445 1736 omnes
473 1690 584 1754 ponere
611 1692 672 1734 non
698 1673 835 1747 licuerat,
864 1692 944 1736 nunc
971 1675 1061 1737 licuit.
1107 1674 1291 1735 Calculorum

150 1780 250 1835 autem
288 1773 405 1835 numeri
439 1792 454 1834 a
488 1771 678 1834 sermonibus
712 1771 878 1833 numerosis
901 1771 1018 1834 alienati
1042 1780 1074 1833 ut
1095 1769 1187 1832 libelli
1217 1771 1293 1832 illius

149 1872 322 1934 brevitatem
345 1872 432 1933 etiam
457 1871 505 1932 hic
526 1871 696 1934 affectemus
712 1870 899 1950 persuadent
945 1868 1078 1948 Zingerle
1108 1868 1188 1930 enim
1212 1870 1293 1948 quod

150 1990 199 2032 me
221 1969 279 2031 illic
301 1969 414 2031 duabus
437 1969 646 2031 tantummodo
669 1987 757 2031 usum
773 1987 839 2030 esse
853 1967 968 2048 paginis
984 1967 1098 2048 paginis
1117 1983 1178 2028 non
1194 1968 1293 2028 minus

150 2069 245 2130 tribus
271 2076 410 2148 gravatur
432 2067 463 2148 (l.
487 2069 505 2128 l.
527 2088 556 2148 p.
583 2068 651 2128 114.
676 2066 746 2128 126.
770 2065 859 2147 120),
886 2067 945 2128 iam
974 2067 1076 2129 decem
1105 2085 1181 2146 qnae
1207 2083 1293 2145 prae-

149 2168 218 2230 misi
251 2166 395 2247 capitibus
428 2167 598 2246 placabitur.
645 2166 748 2246 Neque
780 2165 820 2226 ita
854 2185 916 2227 rem
950 2184 1046 2227 meam
1070 2164 1237 2226 distendam
1261 2172 1293 2224 ut

150 2245 280 2346 prblixac
314 2265 368 2325 riri
402 2265 479 2327 docti
502 2264 695 2345 disputationi
719 2264 930 2345 pedetemptim
955 2263 1115 2343 obsequar3
1148 2263 1292 2324 calculum

151 2365 231 2426 eninr
254 2381 354 2424 meum
379 2364 468 2425 modo
490 2363 660 2443 inspexerit,
683 2371 734 2424 aut
756 2363 846 2424 nimis
869 2381 923 2442 ego
947 2363 1031 2424 lallor
1053 2371 1103 2425 aut
1125 2380 1238 2423 errasse
1260 2381 1293 2423 se

150 2463 220 2525 satis
236 2462 399 2525 docebitur.
429 2463 492 2524 lloc
510 2481 603 2524 unum
619 2471 721 2524 contra
738 2461 849 2535 dicam,
871 2462 982 2524 iniuste
997 2461 1076 2522 enim
1092 2460 1170 2523 idem
1186 2481 1214 2541 p.
1234 2459 1293 2522 123

150 2570 323 2640 argumenta
346 2580 394 2622 me
419 2580 481 2622 mea
505 2561 595 2622 etiam
625 2561 781 2639 infregisse
804 2559 937 2640 adposita
961 2579 1032 2622 voce
1053 2562 1111 2637 olei
1130 2560 1223 2639 satior
1246 2577 1293 2620 ar-

150 2659 228 2739 guit3
262 2678 350 2739 quarn
374 2659 425 2719 ubi
457 2659 544 2738 posui
566 2658 604 2719 de
628 2658 794 2719 Halieuticis
818 2677 864 2719 res
887 2666 1049 2732 non-erat3
1084 2659 1134 2719 sed
1159 2658 1243 2737 plana
1265 2665 1295 2718 et

150 2759 263 2836 integra
286 2756 408 2817 metrica
430 2764 602 2834 argumenta
625 2756 766 2816 coniunxi
789 2772 851 2817 non
874 2755 974 2816 minus
997 2756 1109 2816 decem.
1155 2755 1294 2816 Graviora

152 2865 251 2918 tamen
284 2874 299 2915 a
333 2854 491 2915 levioribus
526 2854 706 2931 distinguere
739 2853 909 2933 supersedi3
945 2854 1045 2933 itaque
1074 2872 1178 2915 eorum
1202 2869 1294 2914 unum

151 2954 226 3015 infra
248 2954 390 3016 incertius
406 2973 472 3015 esse
488 2953 592 3023 dicam,
614 2962 767 3033 praeterea
790 2951 849 3014 duo
872 2972 947 3033 quae
969 2961 1043 3013 tunc
1057 2952 1174 3013 calculis
1190 2971 1292 3032 parom

151 3052 255 3132 amplis
271 3050 442 3113 nitebantur
457 3070 538 3112 nunc
553 3069 681 3130 sepono:
706 3068 834 3130 quorum
857 3050 984 3111 alterum
1008 3051 1044 3111 de
1067 3049 1215 3130 positione
1238 3068 1294 3111 no·

152 3148 268 3211 minum
289 3150 419 3212 duorum
443 3157 488 3211 est
522 3151 553 3211 in
588 3150 646 3210 line
679 3149 834 3228 utriusque
862 3148 1046 3211 hemistichii
1079 3149 1158 3210 inter
1191 3169 1222 3211 se
1245 3167 1294 3210 re-

150 3249 363 3329 spondentium
386 3268 462 3329 quae
486 3256 517 3309 ut
542 3249 574 3309 in
597 3248 765 3310 Halieuticis
792 3249 920 3310 occurrit
941 3247 1065 3327 spissior
1088 3248 1192 3323 (semel
1216 3249 1296 3309 inter

151 3348 281 3428 quinque
302 3346 418 3428 metra),
442 3347 480 3408 ita
504 3355 603 3407 tamen
627 3366 641 3407 a
665 3345 766 3408 mobili
781 3346 948 3424 argumenti
963 3346 1072 3425 poetici
1094 3358 1199 3408 natura
1222 3347 1294 3408 adeo

151 3447 269 3524 pendet,
294 3454 328 3507 ut
348 3446 397 3508 hic
418 3446 476 3507 illic
492 3445 613 3506 Ovidius
628 3464 747 3525 quoquc
761 3445 798 3506 ad
813 3444 1013 3524 frequentiam
1028 3444 1153 3506 eandem
1169 3445 1295 3508 descen-

151 3544 243 3616 derit;
276 3546 401 3606 alterum
435 3553 481 3605 est
510 3544 548 3604 de
569 3563 690 3605 caesura
713 3552 782 3624 past
804 3545 976 3605 trochaeum
1000 3551 1140 3623 quartum
1163 3563 1239 3625 qnae
1262 3553 1296 3606 ut

151 3644 239 3705 nimis
251 3663 317 3706 raro
329 3645 361 3704 in
370 3643 540 3706 Halieuticis
553 3643 659 3721 legitur
670 3641 774 3720 (semel
787 3642 864 3704 inter
876 3642 917 3703 37
929 3641 1129 3720 hexametros)
1141 3642 1182 3703 ita
1194 3651 1294 3704 tamen

151 3761 188 3803 ne
204 3742 234 3803 in
250 3741 352 3804 Ovidio
369 3742 487 3822 quidem
503 3760 563 3802 non
579 3759 728 3803 rarescere
744 3741 792 3802 hic
807 3741 865 3802 illic
881 3740 940 3801 visa
956 3747 1010 3801 est
1043 3740 1210 3820 Supersunt
1226 3759 1294 3802 vero

151 3840 371 3902 observationes
395 3840 518 3900 omnino
540 3857 602 3900 non
618 3838 772 3917 ambiguae
787 3848 911 3919 septem.
944 3837 1059 3912 Quibus
1077 3837 1214 3916 equidem
1233 3856 1294 3899 non

150 3937 260 3999 frustra
276 3939 494 4018 obtemperavi3
516 3948 605 4017 atque
622 3939 693 3999 haec
708 3957 773 3998 mea
790 3957 879 4018 quarn
894 3955 948 4016 per
962 3944 1058 3997 totum
1079 3937 1186 3997 librum
1202 3936 1295 3996 istum

152 4039 227 4099 traxi
250 4037 410 4117 disputatio
444 4037 513 4097 licet
546 4036 581 4097 ad
616 4037 791 4117 discendum
826 4054 914 4115 quam
949 4036 983 4097 ad
1012 4035 1180 4096 docendum
1203 4033 1295 4112 magis

151 4134 260 4214 scripta
283 4135 424 4207 videatur,
454 4134 490 4195 ad
513 4152 659 4194 summam
684 4144 785 4194 tamen
807 4134 864 4195 hoc
886 4151 980 4195 unum
1003 4132 1138 4194 docuerit
1159 4131 1295 4193 evicerit·

151 4252 210 4311 que
232 4253 352 4295 necesse
381 4243 428 4294 est
456 4232 697 4293 observationum
731 4232 820 4292 fidem
854 4233 892 4292 de
925 4231 1138 4293 consuetudine
1173 4230 1294 4291 metrica

150 4331 352 4394 institutarum
369 4349 517 4394 summam
533 4349 598 4390 esse
621 4338 651 4391 et
673 4329 807 4391 stabilem
829 4340 858 4391 et
880 4330 1085 4411 incorruptam
1108 4337 1138 4389 et
1162 4347 1295 4390 veracem

151 4431 257 4512 cuique
291 4430 342 4510 qni
375 4450 437 4492 non
470 4437 573 4510 pareat
594 4428 625 4490 in
647 4429 712 4490 luce
734 4427 829 4491 media
853 4428 1003 4490 caecutiat.
1047 4429 1142 4507 Atque
1164 4427 1295 4507 primum
