2902 5040
630 286 823 352 hp..

157 464 217 528 veri
241 464 407 544 argumenti
430 466 570 526 indicem.
610 465 669 526 lam
694 484 763 526 vero
787 466 837 544 qui
861 466 957 527 studia
980 465 1099 545 antiqua
1122 469 1153 528 in
1176 467 1298 529 historia

158 566 284 626 naturali
307 565 404 644 posita
427 573 639 644 persequentes
664 564 694 625 in
711 564 772 624 boc
793 582 912 624 carmen
929 564 1016 624 delati
1032 573 1111 639 sunt,
1135 586 1197 627 rem
1213 587 1299 628 cura-

157 663 229 724 bant
256 682 319 724 non
350 673 458 737 artem3
492 663 621 743 reliquos
655 663 717 741 ipsa
746 681 779 724 re
806 662 948 723 deterreri
976 663 1074 741 potius
1097 683 1220 726 necesse
1242 667 1299 727 fuit

158 762 242 824 cuius
258 762 457 822 humilitatem
473 781 511 822 ne
526 771 588 823 arte
605 761 723 840 quidem
740 761 829 821 levari
846 761 982 824 videbant
998 763 1162 840 grandiore.
1198 765 1298 844 ltaque

156 859 214 919 iam
237 860 295 920 hoc
317 878 371 938 pro
394 860 502 921 iudicio
527 871 606 930 esto,
638 861 715 939 quod
740 877 828 921 nemo
853 867 1044 938 portantum
1068 861 1197 940 spatium
1220 869 1297 922 tem-

156 958 238 1036 poris
268 976 386 1018 carmen
415 958 494 1019 istud
523 976 560 1019 ne
590 959 684 1019 dicam
708 976 821 1031 amare,
855 959 905 1019 sed
929 960 1095 1021 examinare
1119 968 1297 1038 pertractare

157 1056 277 1116 mendis.
295 1055 421 1118 liberare
444 1066 531 1136 atque
555 1057 599 1117 vel
622 1065 754 1119 accurate
777 1056 926 1136 perlegere
949 1058 1079 1138 suscepit
1100 1057 1130 1118 id
1151 1059 1228 1137 quod
1246 1058 1297 1119 de-

154 1153 218 1214 beri
233 1173 304 1216 sane
331 1155 531 1217 illustrissimo
554 1156 706 1235 scriptoris
730 1156 844 1216 nomini
868 1156 984 1216 dixeris.
1008 1191 1050 1199 -
1072 1156 1174 1234 Neque
1197 1165 1298 1217 tamen

156 1252 315 1315 doluerunt
345 1254 451 1333 quibus
483 1253 655 1315 inertiarum
681 1254 825 1334 poematis
849 1253 1213 1333 observatio-scrupulum
1240 1256 1297 1315 ini-

157 1358 236 1410 ceret
251 1351 385 1429 quamvis
396 1352 547 1430 ambigua3
565 1352 653 1413 veluti
669 1352 703 1413 ad
717 1353 847 1431 primum
861 1372 977 1413 versum
989 1352 1157 1414 adscribere
1173 1352 1256 1413 Ciol
1260 1372 1297 1412 a·

155 1467 240 1509 num
270 1449 409 1527 legimus:
440 1453 556 1523 „multa
585 1452 671 1512 buius
694 1451 828 1531 principii
852 1452 974 1512 crimina
997 1451 1174 1530 (⁶carnrina'
1197 1452 1296 1512 infeli-

155 1645 242 1707 Petro
266 1645 410 1709 Ciaccono
434 1657 463 1709 et
484 1649 523 1709 M.
545 1649 675 1710 Antonio
697 1649 838 1709 Murato
863 1648 958 1709 Ovidii
986 1667 1049 1710 non
1072 1668 1137 1710 esse
1160 1655 1296 1710 censeo‘.

155 1744 294 1806 Iuvenilis
322 1754 395 1808 tunc
423 1756 511 1830 atque
540 1748 663 1809 celerior
685 1746 859 1826 philologia;
893 1747 993 1830 sensui
1015 1746 1146 1826 parebat,
1168 1766 1295 1808 consen-

154 1861 220 1903 sum
250 1861 312 1904 non
338 1844 475 1923 rogabat3
507 1845 548 1906 ita
576 1846 728 1907 Barthio
756 1844 788 1905 in
811 1845 983 1906 adversariis
1006 1845 1198 1906 audacissime
1222 1864 1295 1907 con-

154 1941 271 2020 scriptis
295 1942 467 2004 brevissime
489 1943 619 2022 tangitur
634 1943 787 2005 llalieutici
808 1942 875 2005 libri
897 1943 1025 2023 scriptor
1048 1942 1151 2021 (XLIX
1167 1963 1227 2023 cap.
1247 1945 1295 2020 7):

154 2039 328 2119 „Olympius
350 2048 454 2104 tamen
469 2052 553 2121 puto,
575 2061 637 2104 non
654 2043 790 2116 Ovidius;
813 2061 882 2104 nam
898 2043 1109 2103 Nemesianum
1132 2042 1296 2104 llalieutica

154 2138 308 2216 scripsisse
331 2140 404 2201 adeo
427 2159 532 2202 verum
553 2151 597 2203 est
614 2187 621 2201 .
638 2189 645 2203 .
663 2187 693 2203 ..
718 2141 809 2203 Stilus
833 2149 933 2203 autem
956 2141 1044 2202 huius
1061 2141 1218 2220 fragmenti
1241 2159 1295 2219 po-

154 2236 213 2297 tius
242 2247 272 2298 et
302 2257 407 2299 aevum
436 2247 465 2299 et
492 2239 645 2318 ingenium
669 2240 796 2319 Olympii
826 2240 931 2311 refert,
963 2257 1051 2318 quam
1076 2239 1187 2312 Ovidii,
1217 2240 1296 2318 quod

153 2352 242 2396 nemo
277 2337 413 2415 equidem
448 2339 611 2415 rregaverit;
644 2345 673 2398 et
701 2327 771 2397 inde
799 2337 943 2398 iudicium
972 2336 1156 2397 irrefutabile
1186 2336 1294 2396 merito

154 2452 273 2495 summo
303 2432 457 2513 capitur“!
518 2436 605 2508 Quod
638 2436 744 2496 merito
773 2454 845 2496 sane
873 2452 990 2496 summo
1025 2452 1122 2512 neque
1149 2432 1294 2494 levissime

152 2531 315 2593 iudicatum
344 2541 437 2605 esset,
472 2533 496 2593 si
525 2551 633 2613 negare
662 2533 716 2594 viri
738 2533 787 2594 isti
809 2533 873 2594 sine
895 2532 1091 2594 affirmatione
1114 2531 1294 2593 calluissent.

152 2629 265 2690 Eodem
291 2630 442 2692 dubitandi
464 2632 562 2693 studio
586 2640 649 2692 orta
672 2633 745 2694 mira
767 2631 814 2692 illa
831 2632 917 2692 verba
934 2631 1071 2693 videntur
1087 2650 1161 2710 quae
1177 2631 1295 2709 scripsit

152 2728 268 2790 Pierius
287 2731 460 2792 Valerianus
481 2731 513 2793 in
535 2730 766 2809 Hieroglyphicis
790 2730 826 2790 de
849 2731 907 2791 hoc
929 2730 1074 2791 carmine:
1097 2730 1195 2810 „quod
1219 2748 1294 2807 opus

153 2826 222 2887 olim
250 2847 266 2888 a
294 2827 412 2907 Nigidio
441 2828 647 2891 elucubratum
677 2848 741 2889 esse
765 2828 873 2889 aiunt“
897 2825 931 2908 (!)
975 2848 1048 2908 quae
1078 2847 1137 2907 quo
1161 2829 1294 2888 nitantur

152 2941 214 2985 non
240 2925 404 3002 invenitur;
438 2928 474 2988 cf.
503 2947 578 3006 quae
605 2927 689 2988 solita
717 2927 850 2989 doctrina
880 2927 1009 2988 enotavit
1037 2926 1074 2986 M.
1098 2927 1234 2986 llertzius
1262 2925 1294 2985 in

151 3021 225 3084 libro
248 3023 289 3084 De
312 3024 343 3084 P.
360 3024 467 3104 Nigidii
489 3025 582 3105 Figuli
606 3025 710 3086 studiis
734 3036 822 3104 atque
845 3025 982 3105 operibus
1007 3025 1117 3103 scripto
1139 3044 1169 3104 p.
1194 3021 1234 3083 49
1248 3042 1293 3102 sq.

151 3120 223 3182 Post
244 3121 398 3184 barthium
420 3123 478 3183 Uli
488 3123 514 3184 ti
524 3143 562 3184 us
577 3123 620 3185 rei
636 3124 785 3185 venaticae
801 3131 915 3185 amator
930 3132 959 3184 et
975 3142 1036 3184 non
1060 3122 1158 3183 minus
1181 3121 1292 3182 Miner-

150 3237 218 3279 vam
244 3220 398 3281 montibus
422 3240 511 3300 quam
534 3221 644 3282 chartis
668 3221 788 3282 Dianam
812 3223 943 3283 inerrare
966 3229 1104 3299 expertus
1127 3239 1196 3281 cum
1218 3219 1292 3280 Gra-

150 3315 226 3377 tium
249 3336 338 3379 suum
361 3327 392 3379 et
414 3320 515 3380 ederet
537 3328 566 3381 et
586 3320 755 3392 illustraret,
778 3321 888 3399 sprevit
903 3320 1021 3399 quidem
1038 3318 1217 3397 Olympium,
1240 3318 1292 3378 sed

149 3412 241 3493 ipsius
265 3415 347 3477 Grati
364 3427 476 3478 nomen
490 3417 664 3497 piscatoriae
687 3419 743 3479 arti
765 3418 888 3493 adiecit3
909 3417 1106 3497 nequeenim
1129 3435 1199 3477 casu
1216 3416 1293 3476 hanc

151 3513 289 3574 credebat
321 3514 485 3593 antiquitus
513 3524 542 3577 et
569 3515 605 3578 ab
635 3515 785 3578 Ouidianis
814 3516 931 3596 scriptis
959 3515 1097 3576 omnibus
1127 3521 1291 3593 separatam

149 3610 203 3689 legi
228 3619 257 3672 et
279 3612 439 3691 praefixam
461 3614 571 3675 Gratio.
617 3615 712 3687 Quam
737 3616 858 3676 eandem
882 3615 1059 3676 sententiam
1075 3613 1291 3674 Wemsdorlius

150 3711 303 3791 amplexus
326 3713 475 3774 sermonis
499 3732 617 3793 quoque
634 3712 765 3775 Gratiani
789 3714 920 3793 exempla
946 3733 981 3773 ex
1002 3711 1170 3773 Halieuticis
1194 3710 1292 3789 expis-

150 3808 209 3869 cari
237 3808 396 3871 intentiore
426 3812 525 3872 studio
549 3812 689 3890 suscepit.
734 3812 838 3890 ltaque
866 3809 1022 3873 subditicio
1045 3809 1204 3871 Halieutica
1226 3825 1291 3868 esse

148 3907 221 3966 adeo
245 3907 366 3985 planum
389 3918 461 3980 erat,
485 3918 519 3970 ut
541 3910 617 3971 bene
641 3910 748 3971 mereri
772 3911 797 3971 is
820 3912 940 3972 demum
956 3910 1106 3970 videretur
1121 3907 1172 3986 qui
1188 3925 1291 3967 verum

148 4004 268 4064 tandem
300 4007 475 4085 scriptorem
504 4017 630 4069 erueret.
680 4009 756 4081 Quid
791 4009 946 4070 omiserint
973 4008 1013 4069 illi
1043 4007 1190 4068 luculente
1223 4005 1290 4066 illu-

147 4112 259 4164 stratur
280 4106 465 4184 praelatione
488 4106 523 4167 R.
547 4107 646 4167 Sterni
668 4125 745 4168 anno
772 4105 852 4168 1832
875 4108 910 4168 ad
934 4105 1068 4167 Gratium
1092 4104 1210 4183 scripta,
1241 4103 1291 4165 ubi

148 4188 238 4262 simul
260 4220 320 4262 uno
345 4222 396 4264 ore
420 4211 449 4264 et
472 4213 594 4266 strenue
617 4213 765 4284 pugnatur
787 4203 1142 4267 contraWernsdorlium
1163 4201 1290 4281 deipsis

147 4299 319 4361 Halieuticis
348 4300 389 4383 (p.
412 4301 504 4379 XXll)
539 4311 568 4364 et
597 4303 748 4382 plauditur
777 4302 977 4365 Wernsdorlio
1011 4303 1047 4362 de
1084 4301 1190 4380 eclogis
1224 4300 1289 4361 Cal-

147 4398 300 4480 purnianis
334 4419 460 4478 quarum
494 4403 607 4464 nullam
642 4403 768 4464 dandam
799 4402 975 4462 Nemesiano
1009 4419 1073 4461 esse
1102 4398 1213 4479 optime
1241 4398 1290 4460 ille
