2902 5040
678 310 923 376 -114-

227 491 352 546 noverat
378 484 425 546 hic
449 503 524 566 quae
545 484 762 565 separabantur
779 485 815 548 ab
832 486 948 549 Hicesio
965 487 1052 567 (apud
1069 487 1175 550 Athen.
1192 488 1254 550 320
1263 489 1298 565 Ol
1320 509 1375 552 ru·

226 580 313 644 bruna
341 583 465 645 alterurn
492 583 618 646 alterum
644 583 773 662 nigrum,
802 593 890 665 atque
916 585 1042 647 rubrum
1058 593 1174 648 tanturn
1191 607 1206 649 a
1223 586 1374 650 Numenio

227 680 292 761 eligi
307 681 441 744 ridemus
456 681 510 760 irg.
526 681 610 743 llllll.
642 682 728 760 Quod
745 700 813 744 vero
838 684 867 744 in
894 683 985 744 latino
1012 684 1087 747 libro
1113 685 1232 748 additur
1256 687 1374 749 nomini

226 782 325 859 copr’tr'a
349 784 407 843 icta
431 785 592 853 merome,
623 781 760 844 similiter
786 781 937 862 Oppianus
963 783 1074 846 addidit
1100 778 1233 868 ἀϊκοήρε
1261 785 1375 848 scilicet

226 875 405 961 πληκτικός
420 880 509 960 piscis
524 880 580 941 tuit
594 880 701 942 Athen.
716 881 735 942 l.
751 880 769 942 l.
799 881 878 953 Quid
892 881 949 942 fuit
969 882 1059 959 igitur
1086 902 1145 964 quo
1172 883 1264 946 iceret
1287 903 1374 946 scor·

225 975 315 1057 pius?
356 978 458 1058 Capite
483 978 605 1058 quidem
633 978 757 1042 Ovidius
783 979 879 1051 docet,
905 988 933 1040 at
958 979 1111 1062 Oppianus
1138 983 1242 1044 11459
1268 983 1372 1046 aculeo

226 1077 326 1156 potios
341 1086 492 1156 pungente
507 1084 537 1138 at
559 1094 706 1140 venenum
724 1078 872 1140 mittente:
892 1096 967 1158 quae
989 1081 1067 1141 dnae
1084 1082 1253 1142 sententiae
1267 1083 1372 1144 conei-

226 1175 290 1238 liari
305 1176 384 1237 inter
398 1194 431 1238 se
446 1175 571 1238 minime
585 1185 723 1257 possunt,
748 1196 847 1257 neque
868 1188 935 1239 utra
960 1178 1032 1240 falsa
1047 1180 1087 1241 sit
1102 1180 1154 1241 diu
1168 1180 1374 1255 haerebimus3

225 1291 294 1336 nam
321 1275 357 1338 ad
385 1275 522 1337 bestiolas
538 1290 688 1338 venenoso
705 1277 807 1338 aculeo
824 1285 966 1339 nocentes
981 1278 1145 1357 pastinacas
1161 1279 1372 1359 scolopendras

224 1373 368 1437 dracones
382 1374 499 1454 scorpio
522 1374 735 1439 adnumeratur
758 1385 791 1437 ut
809 1377 888 1456 apud
905 1375 1072 1456 Oppianum
1089 1378 1130 1439 ita
1144 1377 1222 1458 apud
1239 1378 1370 1441 Plinium

225 1491 346 1554 quoquc
362 1472 468 1535 xxxtr
484 1473 535 1546 44,
545 1472 598 1534 XX
611 1475 661 1535 50.
685 1474 787 1555 ltaque
803 1474 906 1554 capitis
921 1475 1013 1537 ictum
1029 1477 1179 1556 scorpioni
1196 1477 1265 1540 dare
1280 1486 1369 1557 poeta

224 1573 349 1635 omnino
371 1589 433 1634 non
456 1579 587 1652 poterat,
611 1579 748 1652 poterant
770 1574 905 1636 lectionis
927 1575 1010 1655 lapsu
1034 1575 1153 1637 librarii.
1198 1575 1272 1637 Nam
1296 1575 1370 1637 milri

224 1670 343 1751 quidem
367 1671 503 1733 Ciacconi
525 1672 595 1734 illud
620 1673 787 1753 perplacet:
811 1675 847 1735 llt
869 1682 968 1753 captor
988 1675 1063 1737 doro
1076 1677 1225 1737 nociturus
1240 1678 1370 1754 scorpius

223 1774 290 1842 icto,
316 1770 430 1832 scilicet
451 1787 563 1843 „manu
585 1771 702 1851 scorpio
724 1772 749 1832 si
772 1771 888 1853 capitur
902 1771 950 1850 (cf.
968 1772 1043 1834 Plio.
1058 1772 1166 1834 xxxtt
1183 1772 1257 1852 148)
1280 1791 1372 1837 nocc-

225 1868 302 1930 bio:
336 1888 412 1949 quae
434 1869 521 1932 lectio
545 1870 633 1931 etiam
658 1870 821 1931 orationem
845 1870 1030 1950 singulariter
1051 1872 1183 1935 adiurat:
1205 1871 1264 1932 iam
1288 1872 1368 1936 enim

224 1968 282 2030 diei
297 1978 395 2050 potest
412 1988 466 2032 cur
480 1987 541 2031 non
558 1986 661 2032 nocens
678 1969 768 2047 magis
791 1987 879 2048 quam
895 1973 1043 2032 oomtrrrus
1056 1959 1248 2032 scribendum
1261 1979 1371 2050 poetae

223 2067 322 2129 luerit.
367 2069 463 2149 Atque
495 2086 534 2130 ne
567 2068 611 2130 his
646 2068 767 2150 quidem
794 2069 857 2148 ipsa
886 2069 1038 2149 scriptoris
1061 2068 1147 2131 verba
1175 2086 1368 2148 recuperasse

225 2166 374 2231 videmur:
412 2184 481 2230 nam
514 2167 606 2230 ictum
644 2167 727 2229 illum
762 2183 938 2230 venenosam
974 2167 1168 2247 punctionem
1207 2179 1272 2230 esse
1306 2182 1368 2229 non

223 2265 306 2328 duri
329 2267 461 2339 notione,
484 2265 537 2328 aad
560 2265 632 2328 diri
654 2265 850 2328 indicabatur.

306 2365 441 2445 [lenique
463 2364 597 2427 unanimi
618 2363 651 2426 in
675 2365 730 2426 trac
751 2381 871 2444 quoque
892 2383 924 2426 ra
947 2371 1068 2444 poetam
1093 2382 1189 2444 neque
1211 2381 1282 2427 raro
1303 2379 1365 2430 uon

221 2465 253 2528 in
275 2484 311 2527 eo
334 2464 413 2545 quod
443 2481 554 2525 nomen
577 2469 704 2542 uterque
737 2480 978 2542 cercyrorum
1012 2462 1154 2526 exhibent
1174 2461 1228 2524 Or.
1250 2457 1365 2530 ΗΜ,

221 2563 296 2646 Opp.
312 2563 413 2634 llll,
440 2563 576 2642 ignotum
604 2561 661 2625 toti
689 2560 857 2640 antiquitati
891 2561 1020 2641 reliquae
1046 2568 1164 2641 praeter
1186 2559 1366 2640 Hesycliitnn

221 2664 271 2742 (cl.
292 2662 371 2725 inira
393 2662 533 2752 p·l81l;
569 2660 703 2726 unanimi
732 2661 820 2724 etiam
852 2677 1004 2740 cercyrum
1040 2659 1192 2722 saxatilem
1224 2677 1290 2721 esse
1320 2657 1367 2743 rel

221 2763 412 2844 scopulorum
428 2762 487 2825 tine
502 2762 612 2824 morari
627 2760 828 2842 scripserunt3
843 2759 970 2821 ferocem
988 2777 1053 2821 esse
1069 2776 1146 2821 unus
1160 2756 1291 2821 Ovidius.
1320 2755 1366 2819 Ne

221 2880 289 2926 vero
312 2862 379 2943 quis
402 2860 494 2941 magis
516 2863 628 2923 carrum·
649 2859 741 2923 scribi
761 2858 863 2921 iubeat
884 2865 917 2920 ut
943 2877 1046 2938 graece
1068 2857 1251 2939 κέρκουροι,
1275 2854 1365 2919 etiam

219 2962 338 3025 nerium
374 2960 488 3042 speciae
521 2960 694 3042 κέρκουρος
720 2959 798 3039 apud
822 2958 949 3020 Graecos
981 2956 1103 3035 legitur,
1132 2956 1210 3036 apud
1232 2953 1364 3032 Plinium

220 3079 353 3141 corcyras
369 3059 417 3121 vlt
434 3057 506 3130 208,
529 3075 627 3137 neque
650 3055 728 3120 varia
751 3057 807 3119 hac
820 3055 966 3136 scriptura
980 3055 1039 3134 ipsi
1054 3055 1157 3119 Graeci
1170 3071 1234 3119 non
1248 3053 1365 3133 praeie-

220 3169 301 3236 ranty
334 3158 440 3239 legitur
472 3156 554 3219 annu
582 3157 735 3239 κέρκορος
757 3155 788 3217 io
811 3155 924 3217 sclrolio
946 3153 982 3216 ad
1005 3153 1152 3233 Aristoph.
1175 3153 1241 3216 Pac.
1257 3171 1284 3212 v,
1302 3150 1364 3215 142

219 3258 302 3339 (inda
332 3259 409 3339 apud
433 3256 554 3318 Soidam
588 3274 611 3317 s.
638 3273 663 3316 v.
689 3248 918 3336 Ναξιουργής),
940 3253 1172 3334 invitaveratque
1203 3253 1254 3313 ad·
1273 3252 1365 3315 talem

219 3357 396 3438 scripturam
429 3354 581 3435 graeculos
613 3351 821 3432 grammaticos
853 3351 1099 3430 etymologiarum
1131 3351 1273 3431 captatioy
1308 3349 1364 3413 ‹ie-

219 3455 367 3519 uominari
401 3455 480 3519 enim
513 3453 676 3516 naviculam
710 3452 786 3514 hanc
818 3446 888 3513 ἀπὸ
922 3445 1084 3531 Κορκύρας
1116 3449 1256 3512 dicebant
1285 3448 1363 3513 sicut

219 3551 359 3636 πάρωνοι
382 3549 450 3617 ἀπὸ
476 3548 590 3635 Πάροο
610 3550 735 3626 similiay
764 3558 853 3629 atque
874 3549 932 3611 hoc
955 3566 1009 3611 usu
1032 3548 1159 3610 Romani
1179 3553 1361 3628 receperant.

219 3654 252 3717 ln
268 3653 369 3716 Sticho
390 3662 493 3715 tamen
507 3651 605 3714 Plauti
621 3671 648 3712 r.
665 3647 728 3712 368
744 3667 896 3712 cereorum
910 3665 964 3728 pro
986 3664 1135 3726 cercyrum
1156 3646 1256 3727 prisco
1279 3664 1363 3709 more

218 3753 362 3836 seriptum
389 3759 502 3816 statuas
525 3770 645 3815 neceme
680 3767 741 3812 non
774 3758 834 3824 est;
865 3747 923 3811 nisi
951 3747 1029 3827 quod
1054 3746 1133 3809 varia
1164 3744 1205 3808 ibi
1236 3745 1364 3809 lectione

219 3857 359 3918 ceredum
393 3862 482 3932 atque
510 3852 584 3914 adeo
611 3870 647 3913 eo
680 3849 759 3930 quod
782 3848 895 3911 Nonius
924 3846 1044 3910 tradidit
1071 3864 1219 3925 ορκοοοκκ
1241 3843 1364 3923 vestigia

218 3953 388 4037 produntur
421 3951 575 4015 doctrinas
602 3956 806 4014 correctorum
836 3946 1037 4029 posteriorum
1063 3945 1100 4009 de
1123 3939 1216 4009 vocali
1242 3944 1363 4011 dissen-

218 4052 366 4119 licentium.

305 4150 493 4233 l‘ompilus
522 4147 651 4231 denique
676 4147 751 4224 (aliis
773 4145 904 4210 nautilus
927 4145 1036 4220 dictus)
1059 4143 1090 4207 in
1111 4141 1207 4207 latino
1227 4141 1362 4207 carmine

221 4272 245 4315 v.
268 4253 324 4313 iOO
348 4251 426 4333 quod
450 4249 546 4313 sulcos
569 4248 687 4310 navium
703 4249 789 4329 sequi
803 4247 907 4320 lectur,
931 4245 1018 4308 ctiam
1034 4245 1114 4306 lrunc
1127 4243 1237 4323 piscem
1253 4237 1362 4324 peori-

219 4369 323 4433 νυμον
356 4370 421 4411 esse
447 4349 604 4420 docenium
638 4366 737 4427 neque
760 4347 843 4409 aliter
865 4342 1047 4425 Oppianus!
1068 4341 1140 4403 187:
1175 4341 1297 4427 πομπῇ
1326 4336 1360 4401 δ’

218 4447 432 4532 Ιποφήμισον
468 4443 593 4530 οὕνομα
628 4449 723 4529 κορῶν.
782 4445 836 4506 llic
871 4453 971 4505 autern
1008 4442 1092 4502 locus
1127 4449 1174 4502 ost
1207 4459 1270 4519 quo
1301 4439 1363 4501 tta-

218 4548 334 4615 iiatttica
364 4548 454 4613 letina
488 4566 549 4612 non
580 4546 734 4627 scripturis
767 4551 886 4608 tanturn
919 4539 1082 4621 corruptis,
1113 4539 1166 4601 sed
1192 4538 1281 4603 etiarn
1301 4538 1361 4617 alio
