2902 5040
585 317 806 382 ..85-

226 493 422 573 καρκίνος
437 486 562 575 μικρός.
579 489 635 553 καί
650 486 670 576 ή
685 494 765 575 πίνη
781 489 1048 576 διαστήσασα
1063 493 1106 557 τὸ
1127 493 1273 580 ὄστρα-

226 610 295 653 κον
315 584 471 672 ήσυχάζει
497 591 673 674 τηροῦσα
695 589 741 653 τά
764 587 1010 655 ἐπεισιόντα
1033 591 1226 671 ἰχθύδια,
1253 589 1274 657 ό

224 685 263 750 δὲ
292 684 471 770 πινοτήρης
497 685 725 772 παρεστώς,
763 681 859 752 όταν
888 689 1020 773 εἰςέλθη
1046 712 1092 766 τι,
1130 690 1272 757 δάκνει

225 780 348 868 αδτήν
381 781 489 870 ὥςπερ
533 790 715 869 σημαίνων,
753 782 774 869 ή
803 786 848 850 δὲ
873 786 1052 871 δηχθεῖσα,
1082 787 1271 873 συμμύει.

226 882 292 946 καὶ
333 879 453 957 οὕτως
481 883 523 947 τδ
561 881 812 967 ἀποληφθὲν
849 884 967 949 ἔνδον
996 890 1272 951 κατεσθίουσι

147 1058 151 1069 ⁸
224 982 349 1071 κοινή.

208 1082 310 1168 ltaque
336 1101 404 1144 oum
430 1090 517 1145 antea
544 1083 700 1162 adscriptis
723 1089 753 1143 et
774 1101 824 1143 res
846 1091 876 1144 et
891 1084 964 1145 ordo
979 1102 1082 1147 rerum
1097 1086 1271 1160 concinunt,

122 1181 301 1244 Plutarchus
327 1181 469 1244 nimirum
496 1182 545 1243 hic
571 1181 630 1242 illic
656 1188 792 1243 ornatum
820 1181 947 1261 aliquem
975 1183 1064 1245 etiam
1090 1184 1270 1263 putidiorem

123 1279 226 1343 intulit
240 1276 403 1362 (πυλωρεῖ
417 1280 501 1360 aha);
524 1279 619 1341 maior
635 1279 762 1359 Oppiani
782 1280 855 1341 fides
872 1281 958 1342 etiam
980 1282 1010 1343 iu
1031 1288 1195 1345 structura:
1217 1278 1272 1344 ὅτε

124 1374 224 1456 ἰχθὺς
239 1375 335 1442 ἔνδον
361 1382 483 1459 ἵκηται,
512 1396 587 1458 quae
607 1378 638 1439 in
655 1378 836 1458 Chrysippo:
864 1373 944 1441 ὅταν
965 1372 1098 1463 εὶςέλθη
1126 1405 1172 1456 τι,
1203 1380 1272 1444 cum

123 1478 258 1556 neglecta
276 1495 310 1538 ea
335 1495 351 1537 a
368 1477 526 1539 Plutarcho
542 1477 597 1551 sit;
623 1477 654 1539 id
673 1496 744 1539 casu
768 1477 831 1538 fieri
851 1479 949 1557 potuit
969 1485 1002 1540 ut
1017 1481 1076 1541 duo
1091 1482 1272 1560 posteriores

123 1592 182 1639 una
207 1573 267 1657 τήν
293 1569 397 1656 ἄγραν
421 1585 569 1655 ponerent
585 1575 634 1636 ubi
650 1576 832 1656 Chrysippus
852 1574 890 1638 τό
911 1572 1124 1661 άποληφθέν.
1169 1581 1273 1660 Neque

51 1667 52 1670 '
124 1674 266 1736 affirmari
292 1674 322 1735 id
348 1681 449 1754 potest
473 1674 552 1736 hunc
571 1674 680 1737 librum
701 1675 800 1754 ipsum
825 1693 891 1737 esse
918 1695 1006 1755 quem
1033 1696 1066 1739 se
1093 1677 1178 1759 sequi
1197 1679 1272 1741 Plu-

123 1772 247 1836 tarchus
269 1772 318 1834 ait.

208 1870 321 1933 Tamen
345 1876 446 1949 potest
471 1869 573 1931 fuisse.
619 1871 720 1951 Neque
750 1871 808 1931 iam
839 1877 885 1932 est
912 1871 990 1950 quod
1017 1879 1145 1946 taceam,
1175 1875 1271 1953 prima

122 1968 290 2050 philosophi
305 1966 393 2029 verba
413 1968 484 2029 dum
504 1968 569 2048 lego
590 1985 652 2029 non
673 1969 729 2029 levi
750 1985 867 2047 semper
889 1988 935 2031 me
957 1970 1141 2034 dubitatione
1156 1972 1271 2034 turbari
1365 1987 1368 1991 ’

123 2075 312 2148 quaesunt:
343 2061 469 2149 ήπίνη
497 2066 552 2128 καὶ
580 2063 599 2130 ό
625 2061 805 2148 πινοτήρης
831 2064 973 2148 συνεργοὶ
999 2064 1167 2152 ἀλλήλοις,
1198 2066 1270 2132 κατ’

123 2162 217 2230 ἰδίαν
246 2161 284 2228 οὐ
313 2163 482 2246 δυνάμενα
512 2159 698 2246 συμμένειν.
742 2166 926 2228 vertendum
953 2167 1084 2229 videtur:
1115 2189 1182 2230 cum
1210 2188 1271 2231 non

122 2265 241 2347 possint
266 2265 361 2327 vivere
386 2265 454 2327 sine
479 2265 576 2337 soci03
606 2265 659 2326 sed
688 2283 742 2327 cur
771 2282 833 2326 non
862 2266 905 2327 rei
935 2267 1149 2330 convenienter
1174 2269 1271 2347 scrip-

123 2373 188 2426 tum
218 2372 263 2426 est
291 2358 330 2427 οὗ
359 2359 527 2445 δυνάμενα
559 2360 627 2445 ζήν,
659 2361 795 2446 διαζῆν,
833 2360 1025 2435 σόζεσθαιί
1067 2367 1145 2428 Saue
1182 2367 1271 2428 etiam

123 2463 303 2544 συμμένειν
337 2463 579 2544 permansionem
613 2462 742 2542 aliquam
778 2463 941 2541 signifieat,
978 2465 1030 2525 sed
1067 2484 1133 2526 eam
1171 2465 1270 2527 minus

122 2576 316 2641 personarum
347 2580 437 2641 quam
470 2579 571 2621 rerum
595 2567 625 2621 et
651 2561 744 2640 magis
774 2579 877 2623 earum
907 2581 944 2623 ex
973 2561 1105 2643 partibus
1136 2564 1271 2643 pluribus

123 2657 369 2738 compositarum,
402 2659 441 2720 ita
469 2665 501 2719 ut
526 2658 699 2737 oppositum
726 2658 765 2720 sit
792 2677 853 2720 non
869 2659 960 2732 mori,
985 2661 1037 2722 sed
1067 2661 1195 2740 disiungi
1226 2661 1272 2723 vel

120 2757 241 2819 dissolvi
265 2756 300 2818 in
324 2763 423 2836 portes
448 2776 528 2830 suas,
558 2764 662 2836 estque
688 2748 726 2818 τό
757 2758 792 2818 ἰν
818 2757 904 2820 εἰναι
930 2757 993 2820 τῶν
1016 2756 1192 2838 διαιρετόν
1212 2759 1270 2838 (Gl.

121 2855 242 2918 Aristot
263 2855 393 2934 bletaph.
413 2855 451 2915 12
466 2874 496 2934 p.
513 2853 587 2926 262,
605 2853 667 2933 11),
694 2855 733 2916 ita
760 2862 792 2916 ut
819 2857 997 2937 copularem
1023 2857 1162 2919 dicautur
1188 2872 1270 2939 συμ-

122 2951 251 3036 βάσιες,
280 2949 471 3034 ὁμαιχμίαι,
502 2949 629 3036 φιλίαι,
662 2951 839 3035 συνθήκαι,
872 2950 997 3033 στάσις,
1030 2952 1142 3030 πόλις,
1172 2974 1270 3036 neque

124 3053 225 3114 minus
263 3059 330 3131 apte
367 3047 388 3113 ό
425 3046 508 3124 ὀπὸς
545 3051 684 3114 Strabon.
705 3071 735 3132 p.
757 3052 834 3124 5253
871 3052 949 3114 idem
979 3055 1056 3116 valet
1090 3055 1138 3117 illa
1175 3055 1270 3135 ipsius

124 3150 279 3231 Chrysippi
309 3148 459 3232 συμμονή
489 3148 544 3211 καὶ
576 3149 696 3231 συνοχή
735 3151 837 3213 mundi
874 3152 950 3231 apud
976 3153 1169 3214 Plutarchum
1207 3155 1270 3216 Sto.

122 3269 185 3328 rep.
205 3248 329 3309 10541.
368 3249 470 3328 ltaque
490 3249 569 3310 idem
591 3256 694 3310 nostro
709 3250 779 3327 loco
800 3267 854 3329 pro
875 3246 993 3331 διαζήν
1012 3250 1144 3328 accipere
1166 3252 1270 3314 dubito

120 3349 210 3437 idque
227 3367 262 3409 eo
278 3347 382 3426 magis,
403 3347 470 3427 quia
492 3348 528 3409 de
543 3347 684 3408 societate
698 3347 793 3427 aliqua
809 3347 979 3410 animalium
996 3349 1093 3427 agitur
1109 3350 1272 3432 συνεργῶν

122 3455 153 3509 et
178 3442 418 3528 συμμενόντων.
459 3447 592 3526 Augetur
619 3445 761 3526 suspicio
776 3445 996 3526 comparatione
1015 3446 1175 3509 verborum
1199 3449 1270 3511 Plu-

122 3543 218 3606 tarchi
244 3542 294 3624 qui
317 3544 514 3625 Chrysippum
540 3553 642 3624 aperte
668 3551 782 3624 spectat
802 3563 871 3606 cum
893 3545 932 3605 ita
948 3545 1114 3623 pinoteram
1136 3546 1270 3608 inducat:

122 3639 209 3705 ἀλλὰ
230 3641 356 3725 μᾶλλον
378 3636 436 3704 ἐπὶ
457 3640 515 3715 τάς
541 3642 632 3704 κατ’
661 3639 778 3704 ἰδίαν
804 3634 1019 3738 κοινρνίας
1045 3636 1178 3708 αὐτῶν
1203 3643 1271 3707 καί

122 3739 368 3823 συμβιώσεις
400 3742 497 3805 ἰτέον.
540 3742 632 3804 Venia
660 3743 750 3822 igitur
779 3742 938 3805 conicienti
969 3744 1026 3806 erit
1055 3745 1144 3807 etiam
1175 3746 1271 3826 priore

125 3842 192 3903 loco
214 3840 312 3902 verbis
340 3836 412 3902 κατ’
434 3838 526 3904 ἰδίαν
544 3842 723 3922 συμμένειν
741 3841 826 3922 quasi
847 3841 977 3904 termino
1004 3853 1085 3906 certo
1112 3844 1165 3906 has
1191 3845 1270 3925 ipsas

122 3934 198 4001 κατ’
231 3936 323 4007 ἰδίαν
353 3937 555 4020 συμβιώσεις
582 3940 730 4019 designari
759 3940 913 4021 oppositas
944 3959 992 4002 eas
1027 3942 1190 4005 maioribus
1225 3942 1272 4022 pi-

121 4038 217 4100 scium
233 4043 264 4099 et
282 4034 431 4118 δημοσία
450 4038 618 4100 constitutis
640 4038 831 4101 societatibus
854 4058 928 4119 quae
954 4042 1142 4102 antecedunt.
1186 4041 1272 4114 Quod

120 4136 148 4200 si
169 4143 343 4217 corruptum
367 4141 413 4197 est
427 4130 601 4217 δυνάμενα,
628 4142 729 4198 umen
754 4137 878 4199 tahbus:
905 4133 980 4199 κατ’
1009 4133 1097 4200 ἰδίαν
1124 4135 1273 4202 εἰωθότα

121 4235 167 4298 vel
182 4233 361 4315 εἰθισμένα
377 4235 555 4317 συμμένειν
567 4253 674 4296 uereor
689 4253 728 4296 ne
745 4255 864 4316 operam
884 4236 1063 4316 perdiderim
1088 4237 1271 4317 probabilius

120 4339 223 4396 autem
238 4333 270 4395 ni
281 4333 365 4395 fallor
378 4333 418 4395 ita
435 4334 631 4414 Chrysippum
648 4334 799 4414 scripsisse
815 4336 963 4397 coniecto:
990 4330 1009 4418 ή
1031 4333 1069 4397 δὲ
1084 4337 1165 4418 πίνη
1180 4336 1235 4398 καὶ
1251 4334 1271 4401 ό
1364 4342 1365 4346 ’

121 4427 303 4514 πινοτήρης
318 4431 458 4514 συνεργὰ
473 4427 628 4513 ἀλλήλοις
643 4429 716 4495 κατ’
734 4430 837 4508 ἰδίαν,
860 4426 901 4496 ον’
923 4432 1069 4517 δημοσία
1096 4437 1272 4517 populuum
