2902 5040
553 273 916 337 --rro-

222 456 281 511 sr'oe
313 449 396 513 aulos
424 455 483 512 sive
516 453 614 513 donna
647 455 704 512 siue
737 467 816 530 ortyx
847 455 905 513 eve
937 451 1081 530 dactylum
1115 450 1154 511 ita
1182 449 1364 511 Xenocrates

222 550 358 630 cap.28:
382 546 581 632 στρόμβοι
604 595 711 612 .....
737 547 914 633 σωλῆνες
944 547 964 631 'l
995 542 1117 612 αὐλοὶ
1147 545 1167 631 ἢ
1196 545 1366 620 δόνακες

222 645 354 731 ἄρῤιιές
369 649 436 710 εἶσι
452 649 508 712 καλ
521 648 660 733 θήλειαι
677 645 710 711 oi
725 647 914 722 *καλοῦντες
930 648 987 725 (rel
1002 646 1193 724 καλοῦνται)
1209 644 1229 709 ό
1235 665 1279 709 vu
1285 662 1365 725 χες·

222 747 391 830 διαφορὰν
417 743 451 810 d’
474 746 585 827 ἔχουσι
613 750 666 828 (sc.
685 745 717 811 oi
742 745 872 831 ἇῤῥενες
896 747 952 808 καὶ
978 743 1017 808 αἱ
1042 745 1207 829 deitatem:
1229 745 1281 806 ubi
1302 758 1366 806 non

221 849 329 908 adsunt
345 848 466 928 quidem
483 848 597 929 dactyli,
620 848 775 909 sedetiam
792 848 960 909 destructus
982 847 1065 908 locus
1085 855 1117 907 et
1132 846 1207 906 male
1229 845 1366 907 turbatus

221 957 275 1018 est,
297 967 366 1008 cum
385 949 448 1010 iere
468 949 680 1027 expectaveris:
703 939 839 1027 ἄρρενός
858 941 888 1007 ι’
913 947 980 1007 εἰσὶ
1002 941 1059 1006 καὶ
1079 941 1230 1027 θήλειαι,
1254 946 1290 1004 ot
1310 944 1366 1004 καὶ

221 1043 401 1108 καλοῦνται
432 1042 544 1124 ὄνυχες
574 1042 610 1127 (ἢ
640 1039 828 1123 δάκτυλοι).
872 1046 952 1106 Sane
981 1045 1071 1105 etiam
1104 1043 1255 1123 Diphilum
1288 1043 1366 1124 apud

222 1145 328 1206 Athen.
347 1165 374 1224 p.
391 1145 468 1205 901]
491 1145 627 1206 omisisse
650 1145 779 1223 dactylos
800 1143 1023 1205 concedendum
1057 1145 1103 1204 est
1136 1142 1300 1203 dicentem:
1333 1136 1366 1204 ui

125 1295 128 1302 .
222 1239 260 1301 δὲ
276 1239 418 1324 σωλῆνες
433 1241 494 1322 μὲν
510 1240 593 1323 πρός
618 1263 718 1304 τινων
733 1239 943 1323 καλούμενοι,
971 1238 1055 1322 πρός
1079 1261 1180 1303 τινων
1204 1237 1244 1302 dd
1268 1234 1366 1302 αὐλοὶ

221 1339 277 1401 καὶ
308 1335 445 1413 δόνακες
471 1341 528 1402 καὶ
550 1338 680 1419 ὄνυχες,
706 1341 759 1402 sed
782 1341 914 1421 Diphilus
937 1359 998 1403 non
1021 1342 1137 1419 mepius
1159 1340 1263 1402 eadem
1278 1349 1366 1420 atque

221 1439 404 1502 Xenocrates
426 1458 517 1518 quam
540 1440 652 1502 diversa
674 1440 780 1513 tradit3
802 1458 931 1520 casuque
952 1459 1004 1500 eos
1018 1439 1199 1502 concordare
1219 1438 1272 1500 nbi
1294 1456 1366 1500 ron-

221 1539 345 1600 cordent
366 1539 450 1600 facile
479 1539 590 1600 sentiet
623 1539 674 1617 qui
707 1538 920 1618 comparationi
948 1538 1104 1600 amborum
1131 1556 1253 1619 operam
1274 1555 1366 1599 nara-

222 1637 309 1707 verit;
332 1656 408 1716 quae
430 1637 503 1699 tanti
525 1656 573 1698 res
588 1647 711 1698 nonest
733 1637 780 1698 cui
802 1637 850 1697 bic
872 1638 954 1699 locus
976 1638 1072 1699 detur.
1110 1632 1243 1698 Mirabile
1264 1630 1366 1698 nescio

222 1735 303 1797 unde
326 1735 363 1797 de
385 1734 506 1815 dactylis
529 1744 682 1815 acceperat
703 1734 818 1796 Plinius
834 1734 872 1795 lll
891 1734 960 1796 184.
1358 1723 1360 1727 ’

305 1834 366 1896 lam
400 1853 468 1896 vero
501 1835 607 1896 suadet
639 1834 821 1896 Xenocrates
851 1830 982 1896 medicus
1010 1833 1184 1915 exscriptus,
1216 1832 1366 1897 adhibitus

220 1933 269 1995 ille
291 1933 378 1995 etiam
401 1935 438 1995 ad
460 1934 514 1995 alia
535 1934 602 1995 libri
619 1933 725 1996 mn
740 1934 833 2014 cupita
849 1932 899 2010 (οἱ
916 1933 1016 1995 Corais
1032 1933 1106 2016 lien.
1120 1953 1151 2015 p.
1170 1929 1307 2014 138sq.),
1334 1942 1368 1994 ut

221 2032 315 2094 Plinio
342 2050 404 2093 non
432 2043 501 2095 ante
527 2033 734 2094 tractationem
764 2032 978 2094 medicinarum
1007 2041 1104 2095 totum
1128 2032 1208 2094 hunc
1236 2030 1365 2093 indicent

219 2131 400 2194 succrevisse
422 2142 452 2194 et
471 2134 509 2195 ad
532 2150 649 2194 nonum
664 2132 773 2194 libmm
789 2140 925 2212 paratum
941 2133 1076 2194 nondum
1091 2133 1183 2195 luisse
1198 2131 1365 2194 dedamus.

221 2232 302 2293 lnter
324 2240 458 2293 auctores
481 2240 582 2293 tamen
604 2231 672 2294 libri
693 2226 787 2292 XXXl
798 2252 843 2311 sq.
870 2231 1013 2294 nimirum
1035 2231 1148 2294 Plinius
1168 2230 1364 2294 Xenocratem

220 2348 281 2391 non
314 2331 465 2392 nominat:
510 2349 607 2410 neque
640 2331 720 2392 enim
755 2350 823 2392 eum
852 2331 941 2392 etiarn
976 2331 1001 2393 si
1033 2332 1220 2395 nominasset
1260 2329 1366 2392 adiisse

220 2428 385 2502 videretur,
425 2429 479 2490 sed
517 2429 595 2491 sicut
632 2429 731 2509 copias
764 2429 931 2491 Aristotelis
968 2429 1079 2491 summi
1116 2438 1270 2492 anctorum
1304 2437 1366 2492 non

220 2527 318 2606 ipsum
340 2526 474 2605 attigisse
507 2527 559 2587 sed
592 2535 710 2607 paratas
743 2527 779 2588 ab
813 2528 976 2609 interprete
996 2529 1144 2609 accepisse
1165 2528 1366 2608 probavimus,
1401 2602 1403 2605 v

220 2626 261 2686 ita
283 2625 484 2686 Xenocrateae
507 2644 628 2705 quoque
649 2627 708 2688 iam
731 2635 795 2688 tum
819 2646 834 2687 a
859 2627 978 2689 medicis
999 2626 1099 2688 latinis
1122 2637 1256 2707 arreptae
1281 2638 1367 2691 eram

219 2724 255 2785 ab
271 2723 366 2804 iisque
378 2724 473 2784 Plinio
489 2725 555 2785 sine
571 2725 692 2787 nomine
706 2726 834 2788 auctoris
849 2726 1000 2787 affluxere.
1026 2726 1112 2787 Unde
1126 2726 1215 2787 etlam
1228 2727 1366 2806 explicari

219 2824 413 2905 complicatae
429 2823 494 2886 illae
509 2822 694 2910 differentiae
708 2831 739 2887 et
753 2844 869 2887 errores
884 2825 1001 2906 possint
1015 2824 1126 2907 quibus
1143 2827 1366 2905 complanandis

220 2925 320 2988 Corais
334 2932 469 2985 mentem
485 2932 604 3004 torquet
616 2926 634 2986 l.
646 2924 665 2984 l.
698 2922 741 2986 ue
755 2925 887 3004 catalogo
902 2932 1002 2986 autem
1018 2926 1129 3004 quippe
1150 2924 1234 2987 cuius
1249 2923 1286 2986 ad
1309 2940 1366 2986 no-

220 3018 298 3085 mina
314 3023 489 3103 plerumque
504 3022 577 3084 nibil
592 3023 769 3086 adnotatum
785 3024 825 3085 sit
839 3024 947 3103 ambigi
963 3025 1072 3104 poterit
1087 3033 1116 3084 et
1130 3024 1162 3085 in
1177 3024 1250 3085 duas
1266 3029 1366 3103 partes

218 3123 352 3184 iudicari:
375 3132 427 3183 aut
443 3143 512 3184 eum
527 3123 665 3202 primitus
681 3121 819 3185 omnibus
834 3122 1077 3185 adnotationibus
1092 3123 1221 3184 caruisse
1233 3132 1365 3204 quotque

217 3223 356 3301 leguntur
370 3238 421 3283 eas
436 3230 538 3302 postea
553 3240 568 3284 u
585 3223 680 3284 Plinio
692 3223 816 3284 insertas
832 3238 907 3295 esse,
923 3232 975 3284 aut
988 3223 1029 3283 ita
1040 3231 1074 3283 nt
1084 3230 1131 3283 est
1140 3222 1262 3302 plenum
1274 3223 1365 3283 etin*

218 3331 337 3400 tegrum
358 3319 508 3382 ueletiam
525 3322 690 3400 pleniorem
704 3322 854 3382 exstitisse
876 3321 954 3401 apud
971 3320 1186 3388 medicinarum
1204 3321 1364 3402 scriptores

218 3420 345 3500 indeque
379 3438 447 3480 cum
481 3420 556 3499 ipsis
586 3420 743 3482 medicinis
766 3421 958 3501 adsumptum
981 3438 1057 3480 esse.
1102 3419 1189 3492 Quod
1212 3428 1245 3480 ut
1267 3419 1365 3482 anub

220 3536 312 3597 gnum
336 3518 384 3591 sit,
407 3517 499 3598 magis
522 3529 622 3580 tamen
644 3520 675 3580 in
700 3519 822 3581 alteram
839 3520 916 3580 bane
929 3519 1108 3580 sententiam
1130 3518 1255 3594 inclino;
1274 3537 1362 3598 grae-

218 3634 322 3679 corum
344 3626 423 3678 certe
446 3617 602 3679 nominum
630 3615 726 3700 xvtdq
752 3616 888 3698 βελόναι
909 3617 1049 3679 similium
1072 3615 1280 3696 explicationes
1301 3617 1363 3696 pri·

219 3717 311 3778 mitns
337 3715 468 3778 adfuisse
495 3717 667 3778 credentur:
701 3725 732 3776 at
764 3717 807 3776 rel
836 3716 893 3776 bae
914 3713 989 3776 Plini
1012 3716 1177 3777 doctrinam
1199 3716 1288 3795 longe
1310 3733 1363 3776 su·

217 3824 331 3897 perant
376 3814 532 3877 Graviores
565 3825 663 3880 antem
696 3825 815 3895 praeter
835 3814 1036 3876 Xenocrateas
1063 3814 1268 3877 adnotationes
1290 3829 1364 3893 quas

219 3927 315 3994 neque
338 3915 419 3976 nnde
441 3915 579 3976 duxerint
602 3933 699 3995 neque
726 3932 857 3995 quocum
895 3931 1062 3993 comparem
1096 3912 1191 3973 babeo
1223 3912 1364 3991 leguntur

218 4016 254 4076 ad
268 4015 416 4076 citharam
432 4015 512 4076 etad
528 4016 666 4077 cinaedos
685 4011 766 4076 etad
783 4014 956 4096 elephantos
971 4009 1155 4090 (doctissima
1171 4012 1257 4072 baec:
1281 4011 1362 4073 bett-

217 4125 329 4176 sturum
348 4118 459 4194 peutn'a
479 4118 565 4194 nbat,
595 4114 714 4195 pedibus
735 4117 882 4195 quaem
903 4111 1029 4182 indutui,
1058 4121 1209 4191 praeterea
1231 4109 1363 4171 tratetis

219 4215 275 4277 duo
298 4215 370 4276 όλιιιι
391 4213 520 4277 articulis
540 4215 712 4295 ansulisque
733 4214 885 4295 forficibus
899 4211 1090 4291 demiculotit)
1105 4220 1136 4271 et
1149 4209 1185 4271 ad
1201 4207 1361 4271 dracemm

219 4312 294 4391 (nort
322 4313 420 4374 minus
453 4313 553 4374 docte:
588 4313 705 4394 quddam
738 4312 819 4373 eliud
850 4312 950 4372 oolmtt
981 4328 1039 4371 cere
1071 4308 1289 4382 ιλιιιιιιιιιιλιιιιι,
1321 4317 1362 4369 ιιι

218 4423 312 4474 auem
340 4412 501 4499 pennulae
533 4412 647 4492 emptos
678 4413 787 4485 ιίιιιιῑλιι,
829 4409 942 4472 aculeos
973 4414 1004 4471 tn
1036 4407 1182 4471 transire
1206 4407 1290 4471 hotot
1322 4408 1361 4469 od
