<?xml version="1.0" encoding="UTF-8"?>
<!DOCTYPE html PUBLIC "-//W3C//DTD XHTML 1.0 Transitional//EN"
    "http://www.w3.org/TR/xhtml1/DTD/xhtml1-transitional.dtd">
<html xmlns="http://www.w3.org/1999/xhtml" xml:lang="en" lang="en">
 <head>
  <title>
</title>
<meta http-equiv="Content-Type" content="text/html;charset=utf-8" />
  <meta name='ocr-system' content='tesseract 3.04.00' />
  <meta name='ocr-capabilities' content='ocr_page ocr_carea ocr_par ocr_line ocrx_word'/>
</head>
<body>
  <div class='ocr_page' id='page_1' title='image "./dehalieuticisov00birtgoog_0073.png"; bbox 0 0 2902 5040; ppageno 0'>
   <div class='ocr_carea' id='block_1_1' title="bbox 573 306 792 368">
    <p class='ocr_par' dir='ltr' id='par_1_1' title="bbox 573 306 792 368">
     <span class='ocr_line' id='line_1_1' title="bbox 573 306 792 368; baseline 0 -17"><span class='ocrx_word' id='word_1_1' title='bbox 573 306 792 368; x_wconf 69' lang='lat'>„47-</span> 
     </span>
    </p>
   </div>
   <div class='ocr_carea' id='block_1_2' title="bbox 95 481 1251 4522">
    <p class='ocr_par' dir='ltr' id='par_1_2' title="bbox 101 481 1251 1256">
     <span class='ocr_line' id='line_1_2' title="bbox 101 481 1250 564; baseline 0.003 -21"><span class='ocrx_word' id='word_1_2' title='bbox 101 481 268 562; x_wconf 87' lang='lat' dir='ltr'>pectaveris</span> <span class='ocrx_word' id='word_1_3' title='bbox 283 501 354 562; x_wconf 84' lang='lat' dir='ltr'>quae</span> <span class='ocrx_word' id='word_1_4' title='bbox 376 483 564 543; x_wconf 76' lang='lat' dir='ltr'>inveniantur</span> <span class='ocrx_word' id='word_1_5' title='bbox 578 489 629 542; x_wconf 91' lang='lat' dir='ltr'>aut</span> <span class='ocrx_word' id='word_1_6' title='bbox 643 483 769 544; x_wconf 82' lang='lat' dir='ltr'>fortasse</span> <span class='ocrx_word' id='word_1_7' title='bbox 784 501 856 563; x_wconf 86' lang='lat' dir='ltr'>qaae</span> <span class='ocrx_word' id='word_1_8' title='bbox 871 487 1081 564; x_wconf 82' lang='lat' dir='ltr'>iraaestiqaatar</span> <span class='ocrx_word' id='word_1_9' title='bbox 1101 486 1250 548; x_wconf 82' lang='lat' dir='ltr'>animalia.</span> 
     </span>
     <span class='ocr_line' id='line_1_3' title="bbox 101 581 1251 663; baseline 0.003 -21"><span class='ocrx_word' id='word_1_10' title='bbox 101 582 167 642; x_wconf 89' lang='lat' dir='ltr'>lam</span> <span class='ocrx_word' id='word_1_11' title='bbox 190 581 271 661; x_wconf 91' lang='lat' dir='ltr'>quod</span> <span class='ocrx_word' id='word_1_12' title='bbox 294 581 423 661; x_wconf 90' lang='lat' dir='ltr'>primum</span> <span class='ocrx_word' id='word_1_13' title='bbox 451 581 500 641; x_wconf 93' lang='lat' dir='ltr'>ille</span> <span class='ocrx_word' id='word_1_14' title='bbox 531 581 567 643; x_wconf 91' lang='lat' dir='ltr'>de</span> <span class='ocrx_word' id='word_1_15' title='bbox 588 581 720 661; x_wconf 89' lang='lat' dir='ltr'>piscibus</span> <span class='ocrx_word' id='word_1_16' title='bbox 744 582 893 644; x_wconf 88' lang='lat' dir='ltr'>Ovidianis</span> <span class='ocrx_word' id='word_1_17' title='bbox 914 601 985 663; x_wconf 85' lang='lat' dir='ltr'>quae</span> <span class='ocrx_word' id='word_1_18' title='bbox 1012 584 1089 662; x_wconf 80' lang='lat' dir='ltr'>apud</span> <span class='ocrx_word' id='word_1_19' title='bbox 1111 588 1251 645; x_wconf 80' lang='lat' dir='ltr'>neminem</span> 
     </span>
     <span class='ocr_line' id='line_1_4' title="bbox 101 681 1251 763; baseline 0.002 -21"><span class='ocrx_word' id='word_1_20' title='bbox 101 681 196 743; x_wconf 85' lang='lat' dir='ltr'>alium</span> <span class='ocrx_word' id='word_1_21' title='bbox 218 685 405 762; x_wconf 82' lang='lat' dir='ltr'>reperiantur</span> <span class='ocrx_word' id='word_1_22' title='bbox 425 698 603 761; x_wconf 90' lang='lat' dir='ltr'>quamquam</span> <span class='ocrx_word' id='word_1_23' title='bbox 626 681 706 742; x_wconf 91' lang='lat' dir='ltr'>credi</span> <span class='ocrx_word' id='word_1_24' title='bbox 736 682 884 763; x_wconf 81' lang='lat' dir='ltr'>hodieque</span> <span class='ocrx_word' id='word_1_25' title='bbox 906 682 981 744; x_wconf 90' lang='lat' dir='ltr'>solet</span> <span class='ocrx_word' id='word_1_26' title='bbox 1003 691 1104 743; x_wconf 88' lang='lat' dir='ltr'>tamen</span> <span class='ocrx_word' id='word_1_27' title='bbox 1127 682 1251 744; x_wconf 88' lang='lat' dir='ltr'>salsissi-</span> 
     </span>
     <span class='ocr_line' id='line_1_5' title="bbox 102 778 1250 862; baseline 0.001 -21"><span class='ocrx_word' id='word_1_28' title='bbox 102 799 190 842; x_wconf 90' lang='lat' dir='ltr'>mum</span> <span class='ocrx_word' id='word_1_29' title='bbox 212 799 278 842; x_wconf 90' lang='lat' dir='ltr'>esse</span> <span class='ocrx_word' id='word_1_30' title='bbox 301 789 330 843; x_wconf 91' lang='lat' dir='ltr'>et</span> <span class='ocrx_word' id='word_1_31' title='bbox 353 779 404 841; x_wconf 92' lang='lat' dir='ltr'>diu</span> <span class='ocrx_word' id='word_1_32' title='bbox 428 778 579 857; x_wconf 90' lang='lat' dir='ltr'>cognitum</span> <span class='ocrx_word' id='word_1_33' title='bbox 605 788 650 841; x_wconf 89' lang='lat' dir='ltr'>est</span> <span class='ocrx_word' id='word_1_34' title='bbox 673 779 723 859; x_wconf 85' lang='lat' dir='ltr'>(ct.</span> <span class='ocrx_word' id='word_1_35' title='bbox 747 779 898 862; x_wconf 78' lang='lat' dir='ltr'>llontigny</span> <span class='ocrx_word' id='word_1_36' title='bbox 921 781 1114 853; x_wconf 85' lang='lat' dir='ltr'>Quaestiones</span> <span class='ocrx_word' id='word_1_37' title='bbox 1137 781 1168 841; x_wconf 90' lang='lat' dir='ltr'>in</span> <span class='ocrx_word' id='word_1_38' title='bbox 1190 781 1250 842; x_wconf 93' lang='lat' dir='ltr'>Pli-</span> 
     </span>
     <span class='ocr_line' id='line_1_6' title="bbox 101 877 1250 960; baseline 0.001 -20"><span class='ocrx_word' id='word_1_39' title='bbox 101 879 195 940; x_wconf 94' lang='lat' dir='ltr'>nii..</span> <span class='ocrx_word' id='word_1_40' title='bbox 214 879 250 940; x_wconf 90' lang='lat' dir='ltr'>de</span> <span class='ocrx_word' id='word_1_41' title='bbox 266 877 442 940; x_wconf 81' lang='lat' dir='ltr'>animalibus</span> <span class='ocrx_word' id='word_1_42' title='bbox 459 877 558 939; x_wconf 89' lang='lat' dir='ltr'>libros.</span> <span class='ocrx_word' id='word_1_43' title='bbox 589 878 711 940; x_wconf 91' lang='lat' dir='ltr'>Bonnae</span> <span class='ocrx_word' id='word_1_44' title='bbox 730 877 810 940; x_wconf 83' lang='grc'><strong>1864</strong></span> <span class='ocrx_word' id='word_1_45' title='bbox 827 898 855 959; x_wconf 93' lang='lat' dir='ltr'>p.</span> <span class='ocrx_word' id='word_1_46' title='bbox 872 880 925 952; x_wconf 80' lang='lat'>40)</span> <span class='ocrx_word' id='word_1_47' title='bbox 950 889 980 941; x_wconf 85' lang='lat' dir='ltr'>et</span> <span class='ocrx_word' id='word_1_48' title='bbox 1002 880 1142 941; x_wconf 78' lang='lat' dir='ltr'>stultitiae</span> <span class='ocrx_word' id='word_1_49' title='bbox 1164 879 1250 960; x_wconf 90' lang='lat' dir='ltr'>igno-</span> 
     </span>
     <span class='ocr_line' id='line_1_7' title="bbox 101 976 1249 1058; baseline 0.002 -19"><span class='ocrx_word' id='word_1_50' title='bbox 101 977 272 1058; x_wconf 88' lang='lat' dir='ltr'>rationique</span> <span class='ocrx_word' id='word_1_51' title='bbox 300 976 377 1038; x_wconf 83' lang='lat' dir='ltr'>Plini</span> <span class='ocrx_word' id='word_1_52' title='bbox 405 977 504 1039; x_wconf 89' lang='lat' dir='ltr'>deberi</span> <span class='ocrx_word' id='word_1_53' title='bbox 539 977 614 1038; x_wconf 85' lang='lat' dir='ltr'>infra</span> <span class='ocrx_word' id='word_1_54' title='bbox 650 977 849 1057; x_wconf 81' lang='lat' dir='ltr'>explicabitur.</span> <span class='ocrx_word' id='word_1_55' title='bbox 895 978 959 1050; x_wconf 81' lang='lat' dir='ltr'>Qua</span> <span class='ocrx_word' id='word_1_56' title='bbox 990 979 1158 1041; x_wconf 89' lang='lat' dir='ltr'>coniectura</span> <span class='ocrx_word' id='word_1_57' title='bbox 1189 999 1249 1053; x_wconf 84' lang='lat' dir='ltr'>non</span> 
     </span>
     <span class='ocr_line' id='line_1_8' title="bbox 102 1076 1249 1159; baseline 0.003 -22"><span class='ocrx_word' id='word_1_58' title='bbox 102 1078 201 1138; x_wconf 86' lang='lat' dir='ltr'>verior</span> <span class='ocrx_word' id='word_1_59' title='bbox 223 1095 256 1138; x_wconf 92' lang='lat' dir='ltr'>ea</span> <span class='ocrx_word' id='word_1_60' title='bbox 280 1085 325 1138; x_wconf 92' lang='lat' dir='ltr'>est</span> <span class='ocrx_word' id='word_1_61' title='bbox 349 1095 438 1157; x_wconf 91' lang='lat' dir='ltr'>quam</span> <span class='ocrx_word' id='word_1_62' title='bbox 461 1077 580 1139; x_wconf 88' lang='lat' dir='ltr'>aliunde</span> <span class='ocrx_word' id='word_1_63' title='bbox 602 1083 768 1157; x_wconf 88' lang='lat' dir='ltr'>acceperat,</span> <span class='ocrx_word' id='word_1_64' title='bbox 793 1076 875 1140; x_wconf 84' lang='lat' dir='ltr'>Ovidi</span> <span class='ocrx_word' id='word_1_65' title='bbox 900 1096 1019 1140; x_wconf 91' lang='lat' dir='ltr'>carmen</span> <span class='ocrx_word' id='word_1_66' title='bbox 1042 1097 1107 1140; x_wconf 89' lang='lat' dir='ltr'>esse</span> <span class='ocrx_word' id='word_1_67' title='bbox 1131 1088 1160 1140; x_wconf 90' lang='lat' dir='ltr'>et</span> <span class='ocrx_word' id='word_1_68' title='bbox 1183 1079 1249 1159; x_wconf 92' lang='lat' dir='ltr'>qui·</span> 
     </span>
     <span class='ocr_line' id='line_1_9' title="bbox 102 1174 1097 1256; baseline 0.001 -20"><span class='ocrx_word' id='word_1_69' title='bbox 102 1175 173 1236; x_wconf 90' lang='lat' dir='ltr'>dem</span> <span class='ocrx_word' id='word_1_70' title='bbox 196 1176 297 1237; x_wconf 85' lang='lat' dir='ltr'>Tomis</span> <span class='ocrx_word' id='word_1_71' title='bbox 320 1175 468 1256; x_wconf 86' lang='lat' dir='ltr'>supremis</span> <span class='ocrx_word' id='word_1_72' title='bbox 491 1174 566 1236; x_wconf 90' lang='lat' dir='ltr'>vitae</span> <span class='ocrx_word' id='word_1_73' title='bbox 589 1174 775 1254; x_wconf 83' lang='lat' dir='ltr'>temporibus</span> <span class='ocrx_word' id='word_1_74' title='bbox 798 1176 834 1236; x_wconf 89' lang='lat' dir='ltr'>ab</span> <span class='ocrx_word' id='word_1_75' title='bbox 859 1196 894 1238; x_wconf 95' lang='lat' dir='ltr'>eo</span> <span class='ocrx_word' id='word_1_76' title='bbox 917 1176 1097 1238; x_wconf 91' lang='lat' dir='ltr'>incohatum.</span> 
     </span>
    </p>

    <p class='ocr_par' dir='ltr' id='par_1_3' title="bbox 95 1272 1250 4325">
     <span class='ocr_line' id='line_1_10' title="bbox 188 1272 1250 1354; baseline 0.002 -20"><span class='ocrx_word' id='word_1_77' title='bbox 188 1274 313 1336; x_wconf 86' lang='lat' dir='ltr'>Errores</span> <span class='ocrx_word' id='word_1_78' title='bbox 329 1273 418 1337; x_wconf 91' lang='lat' dir='ltr'>huius</span> <span class='ocrx_word' id='word_1_79' title='bbox 442 1272 551 1335; x_wconf 91' lang='lat' dir='ltr'>saeculi</span> <span class='ocrx_word' id='word_1_80' title='bbox 565 1273 678 1334; x_wconf 88' lang='lat' dir='ltr'>similes</span> <span class='ocrx_word' id='word_1_81' title='bbox 701 1273 1008 1354; x_wconf 83' lang='lat' dir='ltr'>circumspicientibus</span> <span class='ocrx_word' id='word_1_82' title='bbox 1025 1275 1114 1337; x_wconf 84' lang='lat' dir='ltr'>Culex</span> <span class='ocrx_word' id='word_1_83' title='bbox 1129 1294 1250 1337; x_wconf 89' lang='lat' dir='ltr'>carmen</span> 
     </span>
     <span class='ocr_line' id='line_1_11' title="bbox 101 1372 1249 1454; baseline 0.002 -20"><span class='ocrx_word' id='word_1_84' title='bbox 101 1393 135 1435; x_wconf 86' lang='lat' dir='ltr'>se</span> <span class='ocrx_word' id='word_1_85' title='bbox 159 1373 256 1434; x_wconf 82' lang='lat' dir='ltr'>offert.</span> <span class='ocrx_word' id='word_1_86' title='bbox 291 1373 409 1434; x_wconf 87' lang='lat' dir='ltr'>Scimus</span> <span class='ocrx_word' id='word_1_87' title='bbox 431 1391 492 1434; x_wconf 93' lang='lat' dir='ltr'>non</span> <span class='ocrx_word' id='word_1_88' title='bbox 514 1374 611 1434; x_wconf 91' lang='lat' dir='ltr'>solum</span> <span class='ocrx_word' id='word_1_89' title='bbox 629 1372 755 1434; x_wconf 87' lang='lat' dir='ltr'>Statium</span> <span class='ocrx_word' id='word_1_90' title='bbox 771 1372 852 1452; x_wconf 79' lang='lat' dir='ltr'>(Sila.</span> <span class='ocrx_word' id='word_1_91' title='bbox 868 1374 894 1434; x_wconf 97' lang='lat' dir='ltr'>ll</span> <span class='ocrx_word' id='word_1_92' title='bbox 911 1375 939 1447; x_wconf 89' lang='grc'>7,</span> <span class='ocrx_word' id='word_1_93' title='bbox 955 1373 995 1434; x_wconf 84' lang='grc'>73</span> <span class='ocrx_word' id='word_1_94' title='bbox 1011 1391 1056 1454; x_wconf 81' lang='lat' dir='ltr'>sq.</span> <span class='ocrx_word' id='word_1_95' title='bbox 1072 1383 1101 1436; x_wconf 89' lang='lat' dir='ltr'>et</span> <span class='ocrx_word' id='word_1_96' title='bbox 1117 1375 1128 1435; x_wconf 96' lang='lat' dir='ltr'>l</span> <span class='ocrx_word' id='word_1_97' title='bbox 1144 1375 1249 1454; x_wconf 82' lang='lat' dir='ltr'>prael.)</span> 
     </span>
     <span class='ocr_line' id='line_1_12' title="bbox 102 1471 1247 1552; baseline 0.001 -19"><span class='ocrx_word' id='word_1_98' title='bbox 102 1478 192 1552; x_wconf 88' lang='lat' dir='ltr'>atque</span> <span class='ocrx_word' id='word_1_99' title='bbox 214 1471 378 1533; x_wconf 84' lang='lat' dir='ltr'>Martialem</span> <span class='ocrx_word' id='word_1_100' title='bbox 401 1471 476 1546; x_wconf 76' lang='lat' dir='ltr'>(xlv</span> <span class='ocrx_word' id='word_1_101' title='bbox 495 1471 553 1534; x_wconf 88' lang='lat'>185</span> <span class='ocrx_word' id='word_1_102' title='bbox 577 1479 607 1532; x_wconf 90' lang='lat' dir='ltr'>et</span> <span class='ocrx_word' id='word_1_103' title='bbox 625 1471 689 1532; x_wconf 88' lang='lat' dir='ltr'>Vlll</span> <span class='ocrx_word' id='word_1_104' title='bbox 711 1471 761 1545; x_wconf 81' lang='lat'>56,</span> <span class='ocrx_word' id='word_1_105' title='bbox 785 1472 823 1533; x_wconf 85' lang='grc'>19</span> <span class='ocrx_word' id='word_1_106' title='bbox 838 1471 907 1552; x_wconf 77' lang='lat' dir='ltr'>sq),</span> <span class='ocrx_word' id='word_1_107' title='bbox 935 1473 988 1533; x_wconf 90' lang='lat' dir='ltr'>sed</span> <span class='ocrx_word' id='word_1_108' title='bbox 1016 1474 1072 1534; x_wconf 94' lang='lat' dir='ltr'>iam</span> <span class='ocrx_word' id='word_1_109' title='bbox 1095 1473 1247 1535; x_wconf 92' lang='lat' dir='ltr'>Lucanum</span> 
     </span>
     <span class='ocr_line' id='line_1_13' title="bbox 101 1569 1249 1652; baseline 0.003 -21"><span class='ocrx_word' id='word_1_110' title='bbox 101 1570 203 1651; x_wconf 88' lang='lat' dir='ltr'>ipsum</span> <span class='ocrx_word' id='word_1_111' title='bbox 228 1569 374 1632; x_wconf 88' lang='lat' dir='ltr'>Suetonio</span> <span class='ocrx_word' id='word_1_112' title='bbox 397 1576 473 1631; x_wconf 90' lang='lat' dir='ltr'>teste</span> <span class='ocrx_word' id='word_1_113' title='bbox 496 1573 535 1650; x_wconf 88' lang='lat' dir='ltr'>(p.</span> <span class='ocrx_word' id='word_1_114' title='bbox 553 1571 594 1632; x_wconf 83' lang='lat'>50</span> <span class='ocrx_word' id='word_1_115' title='bbox 610 1571 795 1648; x_wconf 84' lang='lat' dir='ltr'>Reiffersch.)</span> <span class='ocrx_word' id='word_1_116' title='bbox 820 1571 948 1633; x_wconf 86' lang='lat' dir='ltr'>Culicem</span> <span class='ocrx_word' id='word_1_117' title='bbox 974 1571 1079 1652; x_wconf 83' lang='lat' dir='ltr'>Vergili</span> <span class='ocrx_word' id='word_1_118' title='bbox 1102 1573 1249 1634; x_wconf 90' lang='lat' dir='ltr'>lectitasse</span> 
     </span>
     <span class='ocr_line' id='line_1_14' title="bbox 102 1669 1249 1749; baseline 0.002 -18"><span class='ocrx_word' id='word_1_119' title='bbox 102 1676 132 1731; x_wconf 89' lang='lat' dir='ltr'>et</span> <span class='ocrx_word' id='word_1_120' title='bbox 155 1670 236 1732; x_wconf 92' lang='lat' dir='ltr'>hunc</span> <span class='ocrx_word' id='word_1_121' title='bbox 258 1669 378 1749; x_wconf 91' lang='lat' dir='ltr'>quidem</span> <span class='ocrx_word' id='word_1_122' title='bbox 410 1686 471 1730; x_wconf 91' lang='lat' dir='ltr'>non</span> <span class='ocrx_word' id='word_1_123' title='bbox 504 1670 568 1731; x_wconf 90' lang='lat' dir='ltr'>sine</span> <span class='ocrx_word' id='word_1_124' title='bbox 589 1670 798 1741; x_wconf 85' lang='lat' dir='ltr'>admiratione,</span> <span class='ocrx_word' id='word_1_125' title='bbox 833 1689 901 1732; x_wconf 92' lang='lat' dir='ltr'>cum</span> <span class='ocrx_word' id='word_1_126' title='bbox 923 1670 965 1731; x_wconf 94' lang='lat' dir='ltr'>illi</span> <span class='ocrx_word' id='word_1_127' title='bbox 987 1672 1097 1749; x_wconf 88' lang='lat' dir='ltr'>pariter</span> <span class='ocrx_word' id='word_1_128' title='bbox 1119 1691 1152 1734; x_wconf 92' lang='lat' dir='ltr'>os</span> <span class='ocrx_word' id='word_1_129' title='bbox 1174 1674 1249 1733; x_wconf 92' lang='lat' dir='ltr'>rude</span> 
     </span>
     <span class='ocr_line' id='line_1_15' title="bbox 101 1767 1249 1848; baseline 0.001 -18"><span class='ocrx_word' id='word_1_130' title='bbox 101 1778 307 1848; x_wconf 84' lang='lat' dir='ltr'>agnoscerent.</span> <span class='ocrx_word' id='word_1_131' title='bbox 353 1768 414 1829; x_wconf 91' lang='lat' dir='ltr'>lam</span> <span class='ocrx_word' id='word_1_132' title='bbox 438 1767 506 1848; x_wconf 92' lang='lat' dir='ltr'>quia</span> <span class='ocrx_word' id='word_1_133' title='bbox 529 1768 580 1848; x_wconf 92' lang='lat' dir='ltr'>qui</span> <span class='ocrx_word' id='word_1_134' title='bbox 603 1769 682 1831; x_wconf 89' lang='lat' dir='ltr'>diem</span> <span class='ocrx_word' id='word_1_135' title='bbox 705 1769 772 1830; x_wconf 87' lang='lat' dir='ltr'>tulit</span> <span class='ocrx_word' id='word_1_136' title='bbox 792 1769 881 1830; x_wconf 82' lang='lat' dir='ltr'>Culex</span> <span class='ocrx_word' id='word_1_137' title='bbox 900 1775 969 1848; x_wconf 88' lang='lat' dir='ltr'>post</span> <span class='ocrx_word' id='word_1_138' title='bbox 988 1768 1138 1831; x_wconf 89' lang='lat' dir='ltr'>Neronem</span> <span class='ocrx_word' id='word_1_139' title='bbox 1161 1770 1249 1832; x_wconf 90' lang='lat' dir='ltr'>scribi</span> 
     </span>
     <span class='ocr_line' id='line_1_16' title="bbox 101 1867 1248 1949; baseline 0.001 -21"><span class='ocrx_word' id='word_1_140' title='bbox 101 1868 182 1929; x_wconf 91' lang='lat' dir='ltr'>haud</span> <span class='ocrx_word' id='word_1_141' title='bbox 206 1867 290 1929; x_wconf 91' lang='lat' dir='ltr'>facile</span> <span class='ocrx_word' id='word_1_142' title='bbox 312 1867 423 1947; x_wconf 86' lang='lat' dir='ltr'>potuit,</span> <span class='ocrx_word' id='word_1_143' title='bbox 454 1867 647 1930; x_wconf 92' lang='lat' dir='ltr'>dubitandum</span> <span class='ocrx_word' id='word_1_144' title='bbox 679 1887 739 1931; x_wconf 94' lang='lat' dir='ltr'>non</span> <span class='ocrx_word' id='word_1_145' title='bbox 771 1877 834 1930; x_wconf 89' lang='lat' dir='ltr'>erat</span> <span class='ocrx_word' id='word_1_146' title='bbox 857 1869 930 1949; x_wconf 89' lang='lat' dir='ltr'>quin</span> <span class='ocrx_word' id='word_1_147' title='bbox 957 1867 1033 1928; x_wconf 90' lang='lat' dir='ltr'>idem</span> <span class='ocrx_word' id='word_1_148' title='bbox 1058 1878 1136 1930; x_wconf 85' lang='lat' dir='ltr'>esset</span> <span class='ocrx_word' id='word_1_149' title='bbox 1158 1878 1248 1948; x_wconf 90' lang='lat' dir='ltr'>atque</span> 
     </span>
     <span class='ocr_line' id='line_1_17' title="bbox 100 1966 1246 2047; baseline 0.003 -21"><span class='ocrx_word' id='word_1_150' title='bbox 100 1984 192 2047; x_wconf 89' lang='lat' dir='ltr'>quem</span> <span class='ocrx_word' id='word_1_151' title='bbox 221 1966 383 2028; x_wconf 89' lang='lat' dir='ltr'>admiratus</span> <span class='ocrx_word' id='word_1_152' title='bbox 411 1966 548 2028; x_wconf 91' lang='lat' dir='ltr'>Lucanus</span> <span class='ocrx_word' id='word_1_153' title='bbox 575 1975 628 2029; x_wconf 88' lang='lat' dir='ltr'>est.</span> <span class='ocrx_word' id='word_1_154' title='bbox 673 1967 778 2029; x_wconf 83' lang='lat' dir='ltr'>Critica</span> <span class='ocrx_word' id='word_1_155' title='bbox 806 1967 853 2028; x_wconf 92' lang='lat' dir='ltr'>illa</span> <span class='ocrx_word' id='word_1_156' title='bbox 881 1985 944 2027; x_wconf 92' lang='lat' dir='ltr'>non</span> <span class='ocrx_word' id='word_1_157' title='bbox 970 1966 1093 2028; x_wconf 88' lang='lat' dir='ltr'>luerunt</span> <span class='ocrx_word' id='word_1_158' title='bbox 1120 1966 1246 2045; x_wconf 92' lang='lat' dir='ltr'>ingenia.</span> 
     </span>
     <span class='ocr_line' id='line_1_18' title="bbox 100 2064 1248 2145; baseline 0.002 -19"><span class='ocrx_word' id='word_1_159' title='bbox 100 2064 254 2127; x_wconf 82' lang='lat' dir='ltr'>Excusent</span> <span class='ocrx_word' id='word_1_160' title='bbox 277 2065 354 2145; x_wconf 89' lang='lat' dir='ltr'>apud</span> <span class='ocrx_word' id='word_1_161' title='bbox 378 2065 495 2128; x_wconf 89' lang='lat' dir='ltr'>criticos</span> <span class='ocrx_word' id='word_1_162' title='bbox 518 2067 596 2128; x_wconf 91' lang='lat' dir='ltr'>inter</span> <span class='ocrx_word' id='word_1_163' title='bbox 618 2087 651 2129; x_wconf 91' lang='lat' dir='ltr'>se</span> <span class='ocrx_word' id='word_1_164' title='bbox 676 2067 712 2128; x_wconf 92' lang='lat' dir='ltr'>de</span> <span class='ocrx_word' id='word_1_165' title='bbox 733 2085 818 2128; x_wconf 88' lang='lat' dir='ltr'>caeca</span> <span class='ocrx_word' id='word_1_166' title='bbox 842 2066 898 2127; x_wconf 91' lang='lat' dir='ltr'>ista</span> <span class='ocrx_word' id='word_1_167' title='bbox 921 2066 1095 2127; x_wconf 89' lang='lat' dir='ltr'>credulitate</span> <span class='ocrx_word' id='word_1_168' title='bbox 1110 2065 1248 2128; x_wconf 88' lang='lat' dir='ltr'>Lucanus</span> 
     </span>
     <span class='ocr_line' id='line_1_19' title="bbox 100 2162 1248 2246; baseline 0.003 -22"><span class='ocrx_word' id='word_1_169' title='bbox 100 2162 244 2244; x_wconf 89' lang='lat' dir='ltr'>deceptus</span> <span class='ocrx_word' id='word_1_170' title='bbox 267 2164 468 2245; x_wconf 85' lang='lat' dir='ltr'>deceptusque</span> <span class='ocrx_word' id='word_1_171' title='bbox 490 2164 614 2227; x_wconf 89' lang='lat' dir='ltr'>Plinius.</span> <span class='ocrx_word' id='word_1_172' title='bbox 645 2166 712 2226; x_wconf 91' lang='lat' dir='ltr'>Non</span> <span class='ocrx_word' id='word_1_173' title='bbox 735 2165 873 2245; x_wconf 84' lang='lat' dir='ltr'>intellego</span> <span class='ocrx_word' id='word_1_174' title='bbox 897 2183 959 2226; x_wconf 91' lang='lat' dir='ltr'>non</span> <span class='ocrx_word' id='word_1_175' title='bbox 983 2182 1076 2226; x_wconf 90' lang='lat' dir='ltr'>unum</span> <span class='ocrx_word' id='word_1_176' title='bbox 1100 2185 1248 2246; x_wconf 90' lang='lat' dir='ltr'>quemque</span> 
     </span>
     <span class='ocr_line' id='line_1_20' title="bbox 101 2262 1247 2344; baseline 0.003 -20"><span class='ocrx_word' id='word_1_177' title='bbox 101 2263 274 2344; x_wconf 91' lang='lat' dir='ltr'>quicunque</span> <span class='ocrx_word' id='word_1_178' title='bbox 307 2262 420 2344; x_wconf 91' lang='lat' dir='ltr'>primos</span> <span class='ocrx_word' id='word_1_179' title='bbox 451 2264 556 2326; x_wconf 88' lang='lat' dir='ltr'>Culicis</span> <span class='ocrx_word' id='word_1_180' title='bbox 586 2283 690 2326; x_wconf 84' lang='lat' dir='ltr'>versus</span> <span class='ocrx_word' id='word_1_181' title='bbox 721 2265 823 2326; x_wconf 90' lang='lat' dir='ltr'>decem</span> <span class='ocrx_word' id='word_1_182' title='bbox 857 2263 962 2344; x_wconf 88' lang='lat' dir='ltr'>legerit</span> <span class='ocrx_word' id='word_1_183' title='bbox 994 2265 1173 2344; x_wconf 87' lang='lat' dir='ltr'>persentire,</span> <span class='ocrx_word' id='word_1_184' title='bbox 1207 2266 1247 2327; x_wconf 91' lang='lat' dir='ltr'>ita</span> 
     </span>
     <span class='ocr_line' id='line_1_21' title="bbox 101 2362 1246 2444; baseline 0.001 -21"><span class='ocrx_word' id='word_1_185' title='bbox 101 2363 138 2424; x_wconf 89' lang='lat' dir='ltr'>de</span> <span class='ocrx_word' id='word_1_186' title='bbox 161 2382 193 2425; x_wconf 92' lang='lat' dir='ltr'>se</span> <span class='ocrx_word' id='word_1_187' title='bbox 214 2362 296 2444; x_wconf 92' lang='lat' dir='ltr'>loqui</span> <span class='ocrx_word' id='word_1_188' title='bbox 325 2364 446 2425; x_wconf 90' lang='lat' dir='ltr'>solitum</span> <span class='ocrx_word' id='word_1_189' title='bbox 473 2383 535 2426; x_wconf 93' lang='lat' dir='ltr'>non</span> <span class='ocrx_word' id='word_1_190' title='bbox 563 2383 626 2425; x_wconf 90' lang='lat' dir='ltr'>esse</span> <span class='ocrx_word' id='word_1_191' title='bbox 656 2363 910 2427; x_wconf 91' lang='lat' dir='ltr'>modestissimum</span> <span class='ocrx_word' id='word_1_192' title='bbox 937 2369 1065 2443; x_wconf 90' lang='lat' dir='ltr'>poetam.</span> <span class='ocrx_word' id='word_1_193' title='bbox 1110 2364 1148 2424; x_wconf 74' lang='lat' dir='ltr'>At</span> <span class='ocrx_word' id='word_1_194' title='bbox 1177 2382 1246 2424; x_wconf 83' lang='lat' dir='ltr'>vero</span> 
     </span>
     <span class='ocr_line' id='line_1_22' title="bbox 99 2461 1245 2543; baseline 0.001 -21"><span class='ocrx_word' id='word_1_195' title='bbox 99 2462 203 2524; x_wconf 87' lang='lat' dir='ltr'>nescio</span> <span class='ocrx_word' id='word_1_196' title='bbox 225 2481 299 2524; x_wconf 92' lang='lat' dir='ltr'>num</span> <span class='ocrx_word' id='word_1_197' title='bbox 321 2463 448 2525; x_wconf 87' lang='lat' dir='ltr'>fortasse</span> <span class='ocrx_word' id='word_1_198' title='bbox 469 2464 504 2524; x_wconf 92' lang='lat' dir='ltr'>de</span> <span class='ocrx_word' id='word_1_199' title='bbox 528 2463 641 2542; x_wconf 91' lang='lat' dir='ltr'>origine</span> <span class='ocrx_word' id='word_1_200' title='bbox 662 2463 762 2543; x_wconf 90' lang='lat' dir='ltr'>spuria</span> <span class='ocrx_word' id='word_1_201' title='bbox 784 2462 983 2524; x_wconf 81' lang='lat' dir='ltr'>interamnae</span> <span class='ocrx_word' id='word_1_202' title='bbox 1006 2461 1065 2522; x_wconf 93' lang='lat' dir='ltr'>iam</span> <span class='ocrx_word' id='word_1_203' title='bbox 1082 2463 1245 2524; x_wconf 89' lang='lat' dir='ltr'>conveniat.</span> 
     </span>
     <span class='ocr_line' id='line_1_23' title="bbox 99 2559 1245 2642; baseline -0.002 -19"><span class='ocrx_word' id='word_1_204' title='bbox 99 2560 144 2623; x_wconf 77' lang='lat' dir='ltr'>Ad</span> <span class='ocrx_word' id='word_1_205' title='bbox 179 2560 259 2642; x_wconf 91' lang='lat' dir='ltr'>quod</span> <span class='ocrx_word' id='word_1_206' title='bbox 292 2561 500 2625; x_wconf 90' lang='lat' dir='ltr'>stabiliendum</span> <span class='ocrx_word' id='word_1_207' title='bbox 533 2562 675 2625; x_wconf 91' lang='lat' dir='ltr'>iudicium</span> <span class='ocrx_word' id='word_1_208' title='bbox 698 2581 790 2642; x_wconf 90' lang='lat' dir='ltr'>pauca</span> <span class='ocrx_word' id='word_1_209' title='bbox 814 2560 918 2622; x_wconf 91' lang='lat' dir='ltr'>monui</span> <span class='ocrx_word' id='word_1_210' title='bbox 939 2560 982 2620; x_wconf 85' lang='lat' dir='ltr'>Ad</span> <span class='ocrx_word' id='word_1_211' title='bbox 1008 2559 1074 2621; x_wconf 91' lang='lat' dir='ltr'>hist.</span> <span class='ocrx_word' id='word_1_212' title='bbox 1102 2561 1167 2622; x_wconf 90' lang='lat' dir='ltr'>hex.</span> <span class='ocrx_word' id='word_1_213' title='bbox 1195 2563 1245 2623; x_wconf 92' lang='lat' dir='ltr'>lat.</span> 
     </span>
     <span class='ocr_line' id='line_1_24' title="bbox 99 2659 1245 2742; baseline 0.001 -22"><span class='ocrx_word' id='word_1_214' title='bbox 99 2678 129 2739; x_wconf 92' lang='lat' dir='ltr'>p.</span> <span class='ocrx_word' id='word_1_215' title='bbox 148 2659 186 2720; x_wconf 84' lang='lat'>41</span> <span class='ocrx_word' id='word_1_216' title='bbox 196 2679 257 2742; x_wconf 87' lang='lat' dir='ltr'>sq.;</span> <span class='ocrx_word' id='word_1_217' title='bbox 280 2660 386 2723; x_wconf 90' lang='lat' dir='ltr'>addere</span> <span class='ocrx_word' id='word_1_218' title='bbox 406 2669 507 2723; x_wconf 90' lang='lat' dir='ltr'>tamen</span> <span class='ocrx_word' id='word_1_219' title='bbox 523 2661 639 2741; x_wconf 92' lang='lat' dir='ltr'>linguae</span> <span class='ocrx_word' id='word_1_220' title='bbox 654 2661 863 2738; x_wconf 88' lang='lat' dir='ltr'>castigationes</span> <span class='ocrx_word' id='word_1_221' title='bbox 884 2678 966 2720; x_wconf 88' lang='lat' dir='ltr'>cesso</span> <span class='ocrx_word' id='word_1_222' title='bbox 983 2659 1159 2738; x_wconf 88' lang='lat' dir='ltr'>praesertim</span> <span class='ocrx_word' id='word_1_223' title='bbox 1177 2680 1245 2721; x_wconf 92' lang='lat' dir='ltr'>oum</span> 
     </span>
     <span class='ocr_line' id='line_1_25' title="bbox 99 2756 1245 2840; baseline 0.001 -21"><span class='ocrx_word' id='word_1_224' title='bbox 99 2756 137 2819; x_wconf 95' lang='lat' dir='ltr'>ab</span> <span class='ocrx_word' id='word_1_225' title='bbox 160 2757 284 2822; x_wconf 84' lang='lat' dir='ltr'>infantia</span> <span class='ocrx_word' id='word_1_226' title='bbox 299 2760 407 2840; x_wconf 86' lang='lat' dir='ltr'>Vergili</span> <span class='ocrx_word' id='word_1_227' title='bbox 428 2760 584 2822; x_wconf 90' lang='lat' dir='ltr'>imitatoris</span> <span class='ocrx_word' id='word_1_228' title='bbox 607 2759 732 2822; x_wconf 80' lang='lat' dir='ltr'>infantia</span> <span class='ocrx_word' id='word_1_229' title='bbox 748 2778 807 2839; x_wconf 95' lang='lat' dir='ltr'>quo</span> <span class='ocrx_word' id='word_1_230' title='bbox 831 2758 945 2820; x_wconf 85' lang='lat' dir='ltr'>differat</span> <span class='ocrx_word' id='word_1_231' title='bbox 967 2757 1110 2819; x_wconf 90' lang='lat' dir='ltr'>sentiatur</span> <span class='ocrx_word' id='word_1_232' title='bbox 1131 2759 1245 2820; x_wconf 85' lang='lat' dir='ltr'>facilius</span> 
     </span>
     <span class='ocr_line' id='line_1_26' title="bbox 100 2856 1246 2939; baseline 0.003 -22"><span class='ocrx_word' id='word_1_233' title='bbox 100 2875 191 2936; x_wconf 93' lang='lat' dir='ltr'>quam</span> <span class='ocrx_word' id='word_1_234' title='bbox 214 2857 414 2936; x_wconf 88' lang='lat' dir='ltr'>dignoscatur.</span> <span class='ocrx_word' id='word_1_235' title='bbox 459 2859 518 2920; x_wconf 88' lang='lat' dir='ltr'>Sed</span> <span class='ocrx_word' id='word_1_236' title='bbox 542 2859 697 2939; x_wconf 90' lang='lat' dir='ltr'>proprium</span> <span class='ocrx_word' id='word_1_237' title='bbox 727 2856 995 2920; x_wconf 85' lang='lat' dir='ltr'>transformationis</span> <span class='ocrx_word' id='word_1_238' title='bbox 1023 2858 1143 2920; x_wconf 87' lang='lat' dir='ltr'>verbum</span> <span class='ocrx_word' id='word_1_239' title='bbox 1168 2858 1246 2920; x_wconf 85' lang='lat' dir='ltr'>abire</span> 
     </span>
     <span class='ocr_line' id='line_1_27' title="bbox 98 2956 1245 3037; baseline 0.001 -21"><span class='ocrx_word' id='word_1_240' title='bbox 98 2958 130 3015; x_wconf 84' lang='lat' dir='ltr'>ia</span> <span class='ocrx_word' id='word_1_241' title='bbox 154 2956 280 3036; x_wconf 84' lang='lat' dir='ltr'>aliquam</span> <span class='ocrx_word' id='word_1_242' title='bbox 296 2975 359 3019; x_wconf 86' lang='lat' dir='ltr'>rem</span> <span class='ocrx_word' id='word_1_243' title='bbox 375 2959 413 3037; x_wconf 77' lang='lat' dir='ltr'>(v.</span> <span class='ocrx_word' id='word_1_244' title='bbox 431 2957 505 3035; x_wconf 87' lang='grc'>226)</span> <span class='ocrx_word' id='word_1_245' title='bbox 523 2957 733 3020; x_wconf 89' lang='lat' dir='ltr'>Ovidianarum</span> <span class='ocrx_word' id='word_1_246' title='bbox 748 2956 1059 3019; x_wconf 84' lang='lat' dir='ltr'>Translormationum</span> <span class='ocrx_word' id='word_1_247' title='bbox 1083 2957 1245 3018; x_wconf 91' lang='lat' dir='ltr'>memoriae</span> 
     </span>
     <span class='ocr_line' id='line_1_28' title="bbox 100 3053 1246 3137; baseline 0 -21"><span class='ocrx_word' id='word_1_248' title='bbox 100 3053 203 3116; x_wconf 90' lang='lat' dir='ltr'>deberi</span> <span class='ocrx_word' id='word_1_249' title='bbox 224 3055 367 3118; x_wconf 82' lang='lat' dir='ltr'>videatur.</span> <span class='ocrx_word' id='word_1_250' title='bbox 403 3056 566 3120; x_wconf 82' lang='lat' dir='ltr'>Telamonia</span> <span class='ocrx_word' id='word_1_251' title='bbox 588 3062 679 3120; x_wconf 71' lang='lat' dir='ltr'>virtus</span> <span class='ocrx_word' id='word_1_252' title='bbox 701 3056 739 3137; x_wconf 90' lang='lat' dir='ltr'>(v.</span> <span class='ocrx_word' id='word_1_253' title='bbox 756 3056 830 3129; x_wconf 87' lang='grc'>297)</span> <span class='ocrx_word' id='word_1_254' title='bbox 851 3074 905 3135; x_wconf 90' lang='lat' dir='ltr'>pro</span> <span class='ocrx_word' id='word_1_255' title='bbox 928 3054 1000 3116; x_wconf 91' lang='lat' dir='ltr'>forti</span> <span class='ocrx_word' id='word_1_256' title='bbox 1014 3053 1175 3116; x_wconf 85' lang='lat' dir='ltr'>Telamone</span> <span class='ocrx_word' id='word_1_257' title='bbox 1201 3063 1246 3116; x_wconf 84' lang='lat' dir='ltr'>est</span> 
     </span>
     <span class='ocr_line' id='line_1_29' title="bbox 99 3152 1246 3236; baseline 0.002 -22"><span class='ocrx_word' id='word_1_258' title='bbox 99 3152 150 3233; x_wconf 88' lang='lat' dir='ltr'>(of.</span> <span class='ocrx_word' id='word_1_259' title='bbox 166 3174 194 3214; x_wconf 88' lang='lat' dir='ltr'>v.</span> <span class='ocrx_word' id='word_1_260' title='bbox 210 3153 299 3235; x_wconf 82' lang='lat'>326):</span> <span class='ocrx_word' id='word_1_261' title='bbox 330 3156 371 3217; x_wconf 92' lang='lat' dir='ltr'>ita</span> <span class='ocrx_word' id='word_1_262' title='bbox 394 3157 487 3219; x_wconf 89' lang='lat' dir='ltr'>virtus</span> <span class='ocrx_word' id='word_1_263' title='bbox 512 3176 572 3219; x_wconf 94' lang='lat' dir='ltr'>uon</span> <span class='ocrx_word' id='word_1_264' title='bbox 596 3165 655 3219; x_wconf 84' lang='lat' dir='ltr'>stat</span> <span class='ocrx_word' id='word_1_265' title='bbox 677 3155 755 3236; x_wconf 90' lang='lat' dir='ltr'>apud</span> <span class='ocrx_word' id='word_1_266' title='bbox 777 3155 939 3216; x_wconf 85' lang='lat' dir='ltr'>Maronem.</span> <span class='ocrx_word' id='word_1_267' title='bbox 984 3152 1038 3214; x_wconf 85' lang='lat' dir='ltr'>llic</span> <span class='ocrx_word' id='word_1_268' title='bbox 1061 3154 1155 3213; x_wconf 89' lang='lat' dir='ltr'>semel</span> <span class='ocrx_word' id='word_1_269' title='bbox 1177 3154 1246 3234; x_wconf 92' lang='lat' dir='ltr'>plu·</span> 
     </span>
     <span class='ocr_line' id='line_1_30' title="bbox 97 3250 1244 3335; baseline -0.002 -22"><span class='ocrx_word' id='word_1_270' title='bbox 97 3251 201 3314; x_wconf 88' lang='lat' dir='ltr'>raliter</span> <span class='ocrx_word' id='word_1_271' title='bbox 214 3251 339 3335; x_wconf 75' lang='grc'><strong>(11854)</strong></span> <span class='ocrx_word' id='word_1_272' title='bbox 352 3266 457 3318; x_wconf 83' lang='lat' dir='ltr'>martes</span> <span class='ocrx_word' id='word_1_273' title='bbox 469 3257 565 3318; x_wconf 89' lang='lat' dir='ltr'>dicere</span> <span class='ocrx_word' id='word_1_274' title='bbox 578 3276 669 3319; x_wconf 91' lang='lat' dir='ltr'>ausus</span> <span class='ocrx_word' id='word_1_275' title='bbox 682 3263 739 3318; x_wconf 92' lang='lat' dir='ltr'>est:</span> <span class='ocrx_word' id='word_1_276' title='bbox 763 3254 895 3316; x_wconf 88' lang='lat' dir='ltr'>imitator</span> <span class='ocrx_word' id='word_1_277' title='bbox 914 3252 1003 3314; x_wconf 93' lang='lat' dir='ltr'>etiam</span> <span class='ocrx_word' id='word_1_278' title='bbox 1015 3269 1094 3312; x_wconf 78' lang='lat' dir='ltr'>aecer</span> <span class='ocrx_word' id='word_1_279' title='bbox 1108 3253 1145 3320; x_wconf 79' lang='lat' dir='ltr'>iv.</span> <span class='ocrx_word' id='word_1_280' title='bbox 1160 3250 1244 3332; x_wconf 88' lang='lat'>310).</span> 
     </span>
     <span class='ocr_line' id='line_1_31' title="bbox 99 3349 1244 3435; baseline -0.002 -23"><span class='ocrx_word' id='word_1_281' title='bbox 99 3349 269 3414; x_wconf 82' lang='lat' dir='ltr'>Traacaare</span> <span class='ocrx_word' id='word_1_282' title='bbox 294 3373 362 3415; x_wconf 89' lang='lat' dir='ltr'>cum</span> <span class='ocrx_word' id='word_1_283' title='bbox 392 3355 555 3418; x_wconf 87' lang='lat' dir='ltr'>accusativo</span> <span class='ocrx_word' id='word_1_284' title='bbox 585 3355 785 3435; x_wconf 90' lang='lat' dir='ltr'>coniungebat</span> <span class='ocrx_word' id='word_1_285' title='bbox 812 3354 859 3414; x_wconf 91' lang='lat' dir='ltr'>ille</span> <span class='ocrx_word' id='word_1_286' title='bbox 883 3352 1001 3431; x_wconf 79' lang='lat' dir='ltr'>(Georg.</span> <span class='ocrx_word' id='word_1_287' title='bbox 1017 3350 1057 3412; x_wconf 93' lang='lat' dir='ltr'>lll</span> <span class='ocrx_word' id='word_1_288' title='bbox 1073 3350 1145 3411; x_wconf 82' lang='lat'>270.</span> <span class='ocrx_word' id='word_1_289' title='bbox 1173 3352 1244 3412; x_wconf 83' lang='lat' dir='ltr'>Aen.</span> 
     </span>
     <span class='ocr_line' id='line_1_32' title="bbox 98 3448 1245 3532; baseline -0.002 -21"><span class='ocrx_word' id='word_1_290' title='bbox 98 3450 136 3512; x_wconf 91' lang='lat' dir='ltr'>lV</span> <span class='ocrx_word' id='word_1_291' title='bbox 152 3448 225 3512; x_wconf 87' lang='grc'>245.</span> <span class='ocrx_word' id='word_1_292' title='bbox 248 3452 285 3514; x_wconf 86' lang='lat' dir='ltr'>vt</span> <span class='ocrx_word' id='word_1_293' title='bbox 300 3452 370 3515; x_wconf 88' lang='grc'>671.</span> <span class='ocrx_word' id='word_1_294' title='bbox 391 3453 524 3532; x_wconf 84' lang='grc' dir='ltr'>Χ265);</span> <span class='ocrx_word' id='word_1_295' title='bbox 547 3454 595 3518; x_wconf 93' lang='lat' dir='ltr'>hic</span> <span class='ocrx_word' id='word_1_296' title='bbox 617 3455 701 3517; x_wconf 88' lang='lat' dir='ltr'>ahter</span> <span class='ocrx_word' id='word_1_297' title='bbox 725 3458 762 3524; x_wconf 83' lang='lat' dir='ltr'>(v.</span> <span class='ocrx_word' id='word_1_298' title='bbox 779 3450 872 3528; x_wconf 83' lang='grc'><strong>214);</strong></span> <span class='ocrx_word' id='word_1_299' title='bbox 904 3469 961 3530; x_wconf 93' lang='lat' dir='ltr'>quo</span> <span class='ocrx_word' id='word_1_300' title='bbox 985 3450 1088 3511; x_wconf 85' lang='lat' dir='ltr'>eodem</span> <span class='ocrx_word' id='word_1_301' title='bbox 1110 3449 1176 3511; x_wconf 95' lang='lat' dir='ltr'>loco</span> <span class='ocrx_word' id='word_1_302' title='bbox 1200 3456 1245 3510; x_wconf 87' lang='lat' dir='ltr'>est</span> 
     </span>
     <span class='ocr_line' id='line_1_33' title="bbox 98 3548 1242 3634; baseline -0.001 -24"><span class='ocrx_word' id='word_1_303' title='bbox 98 3549 249 3629; x_wconf 91' lang='lat' dir='ltr'>egregium</span> <span class='ocrx_word' id='word_1_304' title='bbox 274 3551 345 3613; x_wconf 92' lang='lat' dir='ltr'>illud</span> <span class='ocrx_word' id='word_1_305' title='bbox 368 3556 493 3628; x_wconf 75' lang='lat' dir='ltr'>chaere,</span> <span class='ocrx_word' id='word_1_306' title='bbox 521 3562 610 3634; x_wconf 92' lang='lat' dir='ltr'>atque</span> <span class='ocrx_word' id='word_1_307' title='bbox 638 3553 726 3617; x_wconf 90' lang='lat' dir='ltr'>etiam</span> <span class='ocrx_word' id='word_1_308' title='bbox 752 3551 887 3614; x_wconf 82' lang='lat' dir='ltr'>Lethaeae</span> <span class='ocrx_word' id='word_1_309' title='bbox 914 3551 1009 3612; x_wconf 80' lang='lat' dir='ltr'>aedae</span> <span class='ocrx_word' id='word_1_310' title='bbox 1036 3566 1091 3628; x_wconf 90' lang='lat' dir='ltr'>pro</span> <span class='ocrx_word' id='word_1_311' title='bbox 1119 3548 1242 3628; x_wconf 79' lang='lat' dir='ltr'>Stygiis:</span> 
     </span>
     <span class='ocr_line' id='line_1_34' title="bbox 96 3645 1243 3733; baseline -0.001 -24"><span class='ocrx_word' id='word_1_312' title='bbox 96 3649 244 3729; x_wconf 87' lang='lat' dir='ltr'>suspicari</span> <span class='ocrx_word' id='word_1_313' title='bbox 265 3658 367 3714; x_wconf 91' lang='lat' dir='ltr'>tamen</span> <span class='ocrx_word' id='word_1_314' title='bbox 381 3653 478 3733; x_wconf 89' lang='lat' dir='ltr'>possis</span> <span class='ocrx_word' id='word_1_315' title='bbox 492 3653 629 3715; x_wconf 90' lang='lat' dir='ltr'>sonuisse</span> <span class='ocrx_word' id='word_1_316' title='bbox 644 3654 701 3715; x_wconf 93' lang='lat' dir='ltr'>boc</span> <span class='ocrx_word' id='word_1_317' title='bbox 724 3650 842 3712; x_wconf 90' lang='lat' dir='ltr'>auribus</span> <span class='ocrx_word' id='word_1_318' title='bbox 858 3648 999 3710; x_wconf 88' lang='lat' dir='ltr'>Romanis</span> <span class='ocrx_word' id='word_1_319' title='bbox 1019 3645 1103 3726; x_wconf 91' lang='lat' dir='ltr'>quasi</span> <span class='ocrx_word' id='word_1_320' title='bbox 1126 3647 1243 3708; x_wconf 91' lang='lat' dir='ltr'>undae</span> 
     </span>
     <span class='ocr_line' id='line_1_35' title="bbox 96 3745 1242 3826; baseline -0.001 -20"><span class='ocrx_word' id='word_1_321' title='bbox 96 3745 231 3810; x_wconf 88' lang='lat' dir='ltr'>letales</span> <span class='ocrx_word' id='word_1_322' title='bbox 262 3750 327 3812; x_wconf 91' lang='lat' dir='ltr'>sine</span> <span class='ocrx_word' id='word_1_323' title='bbox 357 3752 538 3814; x_wconf 90' lang='lat' dir='ltr'>accuratiore</span> <span class='ocrx_word' id='word_1_324' title='bbox 567 3752 725 3815; x_wconf 88' lang='lat' dir='ltr'>fluminum</span> <span class='ocrx_word' id='word_1_325' title='bbox 754 3748 959 3820; x_wconf 90' lang='lat' dir='ltr'>distinctione,</span> <span class='ocrx_word' id='word_1_326' title='bbox 995 3745 1136 3826; x_wconf 91' lang='lat' dir='ltr'>quoniam</span> <span class='ocrx_word' id='word_1_327' title='bbox 1167 3745 1242 3807; x_wconf 89' lang='lat' dir='ltr'>miro</span> 
     </span>
     <span class='ocr_line' id='line_1_36' title="bbox 96 3845 1242 3932; baseline 0.001 -26"><span class='ocrx_word' id='word_1_328' title='bbox 96 3847 189 3907; x_wconf 91' lang='lat' dir='ltr'>modo</span> <span class='ocrx_word' id='word_1_329' title='bbox 211 3848 354 3928; x_wconf 86' lang='lat' dir='ltr'>Vergilius</span> <span class='ocrx_word' id='word_1_330' title='bbox 377 3851 439 3931; x_wconf 90' lang='lat' dir='ltr'>ipse</span> <span class='ocrx_word' id='word_1_331' title='bbox 462 3851 580 3912; x_wconf 93' lang='lat' dir='ltr'>llesiodi</span> <span class='ocrx_word' id='word_1_332' title='bbox 601 3848 712 3932; x_wconf 75' lang='grc' dir='ltr'><em>λήθην</em></span> <span class='ocrx_word' id='word_1_333' title='bbox 737 3848 899 3929; x_wconf 87' lang='lat' dir='ltr'>(Theogon.</span> <span class='ocrx_word' id='word_1_334' title='bbox 925 3845 999 3922; x_wconf 84' lang='grc'>227)</span> <span class='ocrx_word' id='word_1_335' title='bbox 1029 3846 1117 3908; x_wconf 92' lang='lat' dir='ltr'>latine</span> <span class='ocrx_word' id='word_1_336' title='bbox 1138 3848 1171 3907; x_wconf 90' lang='lat' dir='ltr'>in</span> <span class='ocrx_word' id='word_1_337' title='bbox 1198 3848 1242 3907; x_wconf 90' lang='lat' dir='ltr'>le-</span> 
     </span>
     <span class='ocr_line' id='line_1_37' title="bbox 96 3945 1243 4025; baseline 0.002 -20"><span class='ocrx_word' id='word_1_338' title='bbox 96 3952 161 4006; x_wconf 92' lang='lat' dir='ltr'>tum</span> <span class='ocrx_word' id='word_1_339' title='bbox 193 3949 338 4011; x_wconf 83' lang='lat' dir='ltr'>convertit</span> <span class='ocrx_word' id='word_1_340' title='bbox 360 3949 411 4012; x_wconf 90' lang='lat' dir='ltr'>Vll</span> <span class='ocrx_word' id='word_1_341' title='bbox 433 3950 495 4010; x_wconf 92' lang='grc'>277</span> <span class='ocrx_word' id='word_1_342' title='bbox 524 3949 641 4025; x_wconf 78' lang='lat' dir='ltr'>(cide</span> <span class='ocrx_word' id='word_1_343' title='bbox 671 3950 725 4011; x_wconf 93' lang='lat' dir='ltr'>hac</span> <span class='ocrx_word' id='word_1_344' title='bbox 753 3968 786 4010; x_wconf 88' lang='lat' dir='ltr'>re</span> <span class='ocrx_word' id='word_1_345' title='bbox 817 3945 969 4006; x_wconf 85' lang='lat' dir='ltr'>Flachium</span> <span class='ocrx_word' id='word_1_346' title='bbox 999 3947 1124 4007; x_wconf 90' lang='lat' dir='ltr'>Hermae</span> <span class='ocrx_word' id='word_1_347' title='bbox 1154 3954 1176 4006; x_wconf 87' lang='lat' dir='ltr'>t.</span> <span class='ocrx_word' id='word_1_348' title='bbox 1200 3947 1243 4007; x_wconf 90' lang='lat' dir='ltr'>lX</span> 
     </span>
     <span class='ocr_line' id='line_1_38' title="bbox 97 4044 1242 4128; baseline 0.003 -24"><span class='ocrx_word' id='word_1_349' title='bbox 97 4063 126 4123; x_wconf 91' lang='lat' dir='ltr'>p.</span> <span class='ocrx_word' id='word_1_350' title='bbox 147 4044 297 4127; x_wconf 81' lang='lat' dir='ltr'>114sq.);</span> <span class='ocrx_word' id='word_1_351' title='bbox 323 4049 418 4128; x_wconf 89' lang='lat' dir='ltr'>possit</span> <span class='ocrx_word' id='word_1_352' title='bbox 439 4057 540 4110; x_wconf 90' lang='lat' dir='ltr'>tamen</span> <span class='ocrx_word' id='word_1_353' title='bbox 562 4047 662 4128; x_wconf 89' lang='lat' dir='ltr'>ipsum</span> <span class='ocrx_word' id='word_1_354' title='bbox 690 4047 787 4109; x_wconf 82' lang='lat' dir='ltr'>letales</span> <span class='ocrx_word' id='word_1_355' title='bbox 808 4047 839 4107; x_wconf 94' lang='lat' dir='ltr'>in</span> <span class='ocrx_word' id='word_1_356' title='bbox 862 4046 962 4108; x_wconf 88' lang='lat' dir='ltr'>Culice</span> <span class='ocrx_word' id='word_1_357' title='bbox 985 4048 1174 4109; x_wconf 88' lang='lat' dir='ltr'>scribendum</span> <span class='ocrx_word' id='word_1_358' title='bbox 1200 4047 1242 4107; x_wconf 89' lang='lat' dir='ltr'>vi-</span> 
     </span>
     <span class='ocr_line' id='line_1_39' title="bbox 97 4142 1242 4227; baseline 0.003 -25"><span class='ocrx_word' id='word_1_359' title='bbox 97 4142 170 4203; x_wconf 90' lang='lat' dir='ltr'>deri.</span> <span class='ocrx_word' id='word_1_360' title='bbox 215 4144 432 4210; x_wconf 88' lang='lat' dir='ltr'>Memorabilius</span> <span class='ocrx_word' id='word_1_361' title='bbox 454 4148 510 4210; x_wconf 92' lang='lat' dir='ltr'>hoc</span> <span class='ocrx_word' id='word_1_362' title='bbox 532 4148 669 4210; x_wconf 90' lang='lat' dir='ltr'>dixerim:</span> <span class='ocrx_word' id='word_1_363' title='bbox 694 4167 763 4209; x_wconf 92' lang='lat' dir='ltr'>nam</span> <span class='ocrx_word' id='word_1_364' title='bbox 786 4166 854 4209; x_wconf 93' lang='lat' dir='ltr'>cum</span> <span class='ocrx_word' id='word_1_365' title='bbox 878 4145 1052 4227; x_wconf 90' lang='lat' dir='ltr'>Propertius</span> <span class='ocrx_word' id='word_1_366' title='bbox 1076 4145 1242 4223; x_wconf 89' lang='lat' dir='ltr'>scripsisset</span> 
     </span>
     <span class='ocr_line' id='line_1_40' title="bbox 95 4240 1215 4325; baseline 0.007 -26"><span class='ocrx_word' id='word_1_367' title='bbox 95 4240 123 4301; x_wconf 95' lang='lat' dir='ltr'>ll</span> <span class='ocrx_word' id='word_1_368' title='bbox 141 4244 171 4315; x_wconf 86' lang='grc'>1,</span> <span class='ocrx_word' id='word_1_369' title='bbox 188 4244 299 4325; x_wconf 86' lang='lat' dir='ltr'>19sqq.</span> <span class='ocrx_word' id='word_1_370' title='bbox 1213 4253 1215 4256; x_wconf 83' lang='lat'>&#39;</span> 
     </span>
    </p>

    <p class='ocr_par' dir='ltr' id='par_1_4' title="bbox 240 4342 1054 4522">
     <span class='ocr_line' id='line_1_41' title="bbox 240 4342 1054 4423; baseline -0.004 -19"><span class='ocrx_word' id='word_1_371' title='bbox 240 4343 306 4404; x_wconf 92' lang='lat' dir='ltr'>Non</span> <span class='ocrx_word' id='word_1_372' title='bbox 330 4362 384 4423; x_wconf 89' lang='lat' dir='ltr'>ego</span> <span class='ocrx_word' id='word_1_373' title='bbox 407 4343 526 4406; x_wconf 86' lang='lat' dir='ltr'>Titanas</span> <span class='ocrx_word' id='word_1_374' title='bbox 550 4362 697 4417; x_wconf 87' lang='lat' dir='ltr'>canerem,</span> <span class='ocrx_word' id='word_1_375' title='bbox 725 4362 787 4404; x_wconf 92' lang='lat' dir='ltr'>non</span> <span class='ocrx_word' id='word_1_376' title='bbox 808 4343 903 4405; x_wconf 89' lang='lat' dir='ltr'>Ossan</span> <span class='ocrx_word' id='word_1_377' title='bbox 930 4342 1054 4423; x_wconf 83' lang='lat' dir='ltr'>Olympo</span> 
     </span>
     <span class='ocr_line' id='line_1_42' title="bbox 283 4442 927 4522; baseline 0.003 -20"><span class='ocrx_word' id='word_1_378' title='bbox 283 4442 466 4522; x_wconf 84' lang='lat' dir='ltr'>Impositam‚</span> <span class='ocrx_word' id='word_1_379' title='bbox 489 4451 524 4505; x_wconf 92' lang='lat' dir='ltr'>ut</span> <span class='ocrx_word' id='word_1_380' title='bbox 545 4443 617 4506; x_wconf 88' lang='lat' dir='ltr'>caeli</span> <span class='ocrx_word' id='word_1_381' title='bbox 639 4443 740 4505; x_wconf 90' lang='lat' dir='ltr'>Pelion</span> <span class='ocrx_word' id='word_1_382' title='bbox 762 4451 840 4505; x_wconf 89' lang='lat' dir='ltr'>esset</span> <span class='ocrx_word' id='word_1_383' title='bbox 862 4443 927 4517; x_wconf 89' lang='lat' dir='ltr'>iter,</span> 
     </span>
    </p>
   </div>
   <div class='ocr_carea' id='block_1_3' title="bbox 0 0 1456 5040">
    <p class='ocr_par' dir='ltr' id='par_1_5' title="bbox 0 0 1456 5040">
     <span class='ocr_line' id='line_1_43' title="bbox 0 0 1456 5040; baseline 0 1"><span class='ocrx_word' id='word_1_384' title='bbox 0 0 1456 5040; x_wconf 95' lang='lat' dir='ltr'> </span> 
     </span>
    </p>
   </div>
  </div>
 </body>
</html>
