2902 5040
552 301 790 365 -139-

103 499 172 541 τον
207 478 278 541 τόν
310 472 455 560 χρόνον
490 471 516 561 ᾦ
546 472 663 561 ὅμοιός
688 495 760 539 ram
785 483 928 538 mutans
957 476 1130 557 quoniam
1156 484 1244 538 tnnc

104 575 213 639 ἐστιν·
248 574 366 655 σχεδὸν
394 574 432 639 δὲ
466 575 534 638 κοιὶ
571 574 759 649 cougnon
792 584 969 656 apparent
999 574 1139 655 reliqui
1171 575 1244 635 nisi

105 670 250 748 ἄλλους
281 671 414 757 ἱέρακας
443 668 512 740 οὐκ
548 673 661 738 ἔστιν
688 674 1164 755 perquampaucisdiebns.
1180 673 1245 735 Est

106 773 217 837 iricio
245 768 301 836 ὅτε
325 773 453 837 θᾶττον
477 776 661 858 φθέγγεται
688 782 807 836 antem
836 793 956 856 neque
984 773 1141 836 aduncis
1173 791 1244 834 nn·
1293 825 1298 836 .

106 866 662 956 delectationumque·
688 872 826 951 gnibns
860 874 942 936 solus
975 872 1145 952 accipitrum
1178 887 1246 933 nec

105 990 189 1053 ρας·
211 965 230 1034 o‘
249 969 287 1034 ol
302 963 419 1043 κόκκυξ
433 975 589 1054 φαίνεται
604 964 661 1033 ἐπ’
689 972 819 1052 capite
850 971 985 1034 similis
1015 971 1096 1033 illis
1126 988 1245 1048 neque

106 1065 219 1147 ὀλίγον
240 1065 358 1151 χρόνον
377 1070 435 1133 τοῦ
450 1072 584 1154 θέρους,
604 1068 663 1132 τόν
689 1069 763 1132 alio
786 1090 888 1153 quam
905 1069 1046 1140 colore,
1060 1066 1170 1131 *accitu
1186 1087 1246 1129 co·

106 1167 143 1231 ot
166 1169 311 1250 χειμῶνα
337 1164 545 1252 ἀφανίζεται.
575 1165 661 1232 ἔστι
689 1168 805 1232 lumbi
831 1170 967 1249 potins.
992 1167 1082 1247 (anne
1104 1177 1246 1230 caeterum

105 1260 139 1328 δ’
160 1263 178 1329 ὁ
199 1264 259 1347 μὲν
275 1262 367 1349 ἱέραξ
385 1261 623 1349 γαμψώνυχος,
644 1262 664 1329 o‘
690 1267 824 1331 columbis
841 1270 934 1350 potius
948 1267 1106 1347 legendnm
1120 1261 1245 1343 dices‘l).

105 1360 364 1436 δὶκόιικοξού
378 1361 662 1449 γαμψώνυχος·

70 1517 72 1521 ,
106 1460 154 1526 ἔτι
171 1457 316 1527 levoni
339 1461 663 1546 τὰπερὶτήνκε-

105 1559 240 1645 φαλὴν
255 1559 387 1625 ἔοικεν
403 1557 556 1644 ἱέρακι,
576 1556 663 1624 ἀλλ’

107 1657 222 1743 ἄμφω
266 1658 393 1721 ταῦτα
442 1660 666 1744 περιστερᾷ

105 1754 246 1841 μᾶλλον·
268 1752 343 1820 ἀλλ’
359 1755 379 1840 ἢ
395 1757 494 1820 κατὰ
509 1758 552 1820 τὸ
567 1758 666 1839 χρῶ·

106 1879 160 1939 μα
181 1847 309 1938 μόνον
330 1851 576 1941 προςέοικεν
603 1853 665 1919 ἱέ-

106 1977 208 2036 ρακι.

107 2087 164 2149 Ρτο
179 2090 313 2167 quouiom
335 2097 403 2148 turre
423 2105 482 2149 ooo
507 2096 646 2167 apparent
670 2088 774 2169 reliqui
786 2083 959 2166 llayhollius
985 2082 1148 2147 accuratius
1174 2083 1249 2145 scri-

106 2176 236 2249 bendum
252 2185 342 2251 luisse
357 2188 488 2247 monuit:
505 2189 640 2265 quonium
652 2196 721 2249 tuoe
733 2203 793 2251 uon
809 2193 928 2265 opporot
943 2184 1074 2260 accipiter
1089 2184 1137 2243 cui
1149 2181 1250 2244 similis

107 2296 146 2347 est
166 2303 255 2366 oeque
276 2284 381 2364 reliqui
401 2295 538 2364 apperuit
554 2303 613 2364 eqe
660 2285 772 2347 Tamen
795 2301 849 2362 ego
871 2283 1007 2344 lacunam
1028 2296 1091 2341 non
1113 2296 1250 2358 agnosco,

107 2384 159 2448 sed
179 2383 211 2445 in
233 2384 349 2447 brevius
372 2390 554 2445 contractam
570 2383 856 2462 sententiamqnam
873 2396 1028 2460 coccygem
1042 2397 1096 2459 pro
1113 2378 1250 2458 accipitre

108 2481 261 2545 venditare
283 2501 387 2544 ausum
411 2500 476 2543 esse
498 2491 673 2545 sectatorem
696 2479 864 2544 Aristotelis
888 2485 978 2540 testes
1001 2486 1072 2540 sunt
1095 2476 1180 2539 verba
1202 2476 1250 2540 illa

107 2581 213 2645 iniecta
227 2581 305 2643 solur
320 2584 495 2666 accipitrum,
518 2581 558 2641 ita
581 2588 615 2643 ut
638 2600 690 2642 rex
712 2579 818 2660 reliqui
834 2595 900 2639 non
915 2575 1023 2638 habeat
1038 2595 1096 2656 quo
1112 2575 1249 2639 offendat.

108 2677 292 2742 Sententiola
326 2697 401 2759 quae
434 2678 511 2759 apud
533 2678 664 2740 Plinium
687 2677 836 2740 adseritur
858 2684 949 2738 mutet
978 2682 1073 2736 eutem
1102 2685 1129 2736 et
1156 2691 1252 2736 uocem

108 2777 190 2842 abest
211 2777 248 2840 ab
269 2777 445 2852 Aristotele3
466 2776 573 2839 deinde
591 2777 722 2856 procedit
746 2793 823 2848 vere,
849 2765 1008 2842 occultetur
1023 2772 1170 2834 caniculae
1183 2784 1251 2847 ortu

109 2897 142 2939 ex
175 2876 211 2938 iis
229 2885 309 2960 *uta
339 2885 410 2938 sunt
442 2893 517 2956 qnae
550 2885 620 2955 post
652 2870 766 2951 ὀλίγας
802 2869 923 2960 ἡμέρας
957 2875 1069 2939 inserta
1101 2862 1248 2955 leguntur.

108 2976 256 3056 Pergitur:
1209 3054 1212 3059 .

209 3086 371 3165 *Interque
403 3085 515 3164 parit
540 3084 579 3147 in
610 3085 750 3147 alieni-s
783 3085 882 3147 nidis
915 3085 1068 3149 manime
1100 3086 1251 3165 palum-

208 3184 327 3257 bium,
361 3184 505 3245 maiorc
539 3203 577 3245 ex
605 3193 714 3265 parte
735 3185 881 3264 singula
905 3203 968 3247 ova
990 3184 1071 3264 qnod
1094 3184 1173 3246 nulla
1195 3184 1250 3246 alia

211 3283 271 3344 avis
295 3280 338 3363 ll),
361 3299 442 3344 raro
465 3283 559 3345 bina.

109 3408 343 3472 Rescribendum
367 3417 412 3470 est
426 3408 560 3471 videlicet
580 3409 779 3489 interitamque
790 3413 882 3489 parim
906 3426 976 3470 nam
991 3422 1052 3470 non
1067 3407 1166 3488 paucis
1182 3407 1251 3469 tri-

109 3509 225 3571 statalis
240 3507 335 3569 verbis
351 3507 469 3569 omissis
490 3507 544 3570 ista
559 3527 663 3570 rursus
683 3499 800 3588 sumpta
823 3529 859 3570 en
881 3527 917 3569 eo
940 3516 1022 3569 sunt:
1046 3498 1065 3569 o‘
1088 3504 1126 3569 ot
1147 3508 1250 3568 τίκτει

109 3604 170 3690 μὲν
196 3601 268 3668 ἀλλ’
296 3600 334 3667 οὐ
360 3601 588 3689 ποιησάμενος
612 3605 774 3678 νεοττιάν,
800 3598 875 3670 ἄλλ’
903 3605 1032 3669 ἐνίοτε
1057 3604 1116 3687 μὲν
1141 3602 1181 3679 ἐν
1205 3608 1251 3693 τῇ

110 3705 186 3769 τῶν
214 3698 397 3768 ἐλαττόνων
426 3700 602 3787 ὀρνίθιον
631 3702 802 3768 ἐντίκτει
832 3703 1034 3790 καταφαγών
1061 3702 1103 3766 τὰ
1131 3699 1180 3787 ᾦοὶ
1208 3699 1249 3766 τοὶ

111 3803 259 3879 ἐκείνων,
289 3801 469 3885 μάλιστα
498 3797 532 3868 δ’
563 3802 604 3868 ἓν
630 3813 723 3877 ταῖς
751 3803 824 3868 τῶν
854 3804 994 3889 φαβῶν
1022 3810 1249 3876 νεοττιαϊς,

112 3899 312 3989 καταφαγών
338 3899 394 3964 καὶ
419 3897 461 3965 τὰ
485 3896 610 3984 τούτων
636 3895 701 3987 qioi·
731 3905 864 3968 τίκτει
894 3899 928 3968 δ’
959 3896 1146 3980 ὀλιγάκις
1180 3899 1251 3983 μὲν

111 4001 197 4078 δύο,
220 3999 267 4064 τὰ
289 3999 331 4063 δὲ
352 3997 523 4063 πλεῖστοι
546 4003 598 4065 ἓν.
632 4002 693 4064 lam
709 4020 778 4065 vero
794 4021 853 4082 qno
874 4001 972 4065 studio
989 4002 1120 4064 diversus
1136 4000 1249 4062 Aristo-

111 4103 178 4166 telis
200 4102 281 4163 locus
303 4100 495 4176 inmisceatnr
516 4101 711 4163 attendamus.
757 4101 843 4174 Quod
865 4101 944 4164 enim
966 4101 1064 4182 pergit
1084 4098 1217 4162 Plinius:
1324 4101 1326 4106 ’
1425 4105 1427 4109 ’

212 4227 306 4291 Causa
321 4225 417 4307 pullos
439 4226 662 4289 subiciendi
684 4233 806 4308 putatur
820 4228 901 4307 qnod
924 4226 1023 4289 sciat
1043 4243 1076 4286 se
1097 4224 1249 4287 invisam

213 4325 459 4389 cunctisavihus.
503 4325 591 4388 Nam
614 4325 775 4389 minutae
798 4344 943 4406 quoqne
970 4324 1161 4387 infestant
1206 4324 1248 4386 lta

213 4444 281 4487 non
304 4425 384 4487 iore
406 4433 517 4489 tutam
540 4425 641 4505 generi
664 4444 718 4489 sno
740 4425 864 4506 stirpem
887 4425 1025 4506 opinatur
1046 4423 1081 4486 ni
1102 4424 1247 4498 ielellerit,
