2902 5040
602 307 983 373 -142-·

149 449 318 545 Piscium
372 472 518 546 diversa
567 502 704 564 genera
729 484 779 543 lir.
796 482 892 546 aton
907 481 1042 564 tanqu:
1061 477 1217 562 τῶνμὲν
1231 473 1293 544 οὖν

150 600 221 643 nou
249 589 386 644 coeunt
411 591 564 662 praeter
592 602 705 664 squa-
732 577 843 643 ἄλλον
868 575 1022 659 ίχθόυον
1133 569 1293 663 ῥίνρόὲ

149 681 260 742 tinam
289 687 325 742 et
352 679 466 743 roiam
495 699 535 742 er
565 681 706 761 quibus
733 677 826 743 δοκεῖ
851 676 1201 761 (συνδυάζεσθαι)
1226 723 1235 740 .
1259 725 1291 741 ..

149 779 320 842 naseitur
334 779 459 858 priore
479 789 586 860 parte
608 779 707 842 raiae
733 777 802 840 καί
828 774 962 858 βάτος.
993 777 1064 841 ἔστι
1079 774 1141 859 γάρ
1160 799 1213 851 τις
1238 777 1292 858 32-

150 879 708 959 (posterioresquatiuaethaee
733 874 799 949 θός
827 873 863 950 ός
891 876 1085 940 καλεῖται
1120 874 1293 959 devilla-

149 976 258 1056 quippe
278 975 315 1038 ab
338 977 395 1038 hoc
422 977 487 1038 loco
510 994 572 1038 uon
600 977 705 1040 abesse
732 993 813 1048 τος·
839 973 905 1054 ἔχει
920 976 981 1058 μὲν
998 974 1059 1058 γὰρ
1073 973 1220 1059 κεφαλὴν
1234 975 1291 1039 καὶ

148 1075 283 1155 potuisse
310 1074 358 1136 vel
383 1092 481 1137 sermo
503 1076 629 1155 clamat)
650 1075 706 1138 si·
733 1071 1032 1158 τὰἔμπροσθεν
1046 1072 1169 1156 βάτου
1187 1072 1237 1137 τὰ
1254 1070 1291 1138 δ’

150 1172 251 1235 milis
287 1182 324 1236 et
355 1193 489 1237 nomen
525 1194 566 1238 ex
603 1183 708 1237 utro·
734 1169 919 1237 ὄπισθεν
953 1171 1070 1256 ῥίνης
1106 1195 1149 1247 ως
1177 1169 1291 1250 γυνότ

151 1291 222 1353 que
294 1273 538 1354 compositum
610 1273 706 1355 apud
734 1292 853 1354 μενος
881 1269 922 1345 ἒξ
950 1267 1193 1356 ἀμφοτέρων
1216 1270 1292 1337 roei·

152 1370 313 1435 Graecos
335 1373 464 1436 trahit.
734 1393 808 1435 των.

235 1501 342 1586 inserit
362 1503 468 1565 exinde
490 1503 602 1564 Plinius
635 1503 767 1584 pluscula
789 1520 882 1583 pauca
905 1520 980 1583 quae
1002 1503 1080 1583 apud
1103 1501 1291 1565 Aristotelem

151 1618 213 1662 nou
234 1611 306 1664 sunt
326 1611 356 1664 et
370 1620 445 1683 quae
459 1601 496 1663 de
511 1601 642 1682 piscibus
657 1601 732 1663 falso
747 1601 841 1680 accipi
855 1609 886 1663 et
900 1620 971 1664 voce
986 1602 1126 1682 ροοοόουκ
1147 1600 1294 1664 evincitur

150 1696 233 1778 (uam
254 1701 349 1779 pisces
371 1702 488 1782 puidam
508 1701 690 1776 dicerentur)
725 1708 756 1762 et
779 1719 813 1762 eo
836 1701 915 1781 quod
937 1712 1039 1781 postea
1059 1702 1130 1781 lupo
1153 1699 1294 1762 trichiae·

150 1815 209 1878 que
220 1803 342 1879 ρίουίυκι
356 1801 512 1879 genetivus
528 1799 703 1880 adponitur3
725 1798 777 1859 sed
799 1798 868 1858 talia
881 1798 956 1860 haec
969 1806 1041 1860 sunt
1054 1816 1130 1878 quae
1153 1798 1243 1860 etiam
1262 1799 1293 1861 iu

151 1907 229 1960 terra
243 1909 417 1975 oecurrent3
438 1917 532 1980 quare
546 1898 721 1978 legendum:
743 1895 893 1969 Quaedam
909 1906 1034 1977 tempore
1048 1901 1122 1960 unae·
1132 1901 1293 1978 ρίρκυκίκκ

149 2009 176 2060 et
189 2002 221 2060 iu
234 1999 360 2070 dmum,
382 2010 415 2061 ut
439 2003 469 2061 dr
484 2010 579 2062 tero:
600 2014 710 2060 vererer
729 1999 852 2077 pectines
876 1996 989 2059 limaces
1009 1997 1170 2072 hirudinem
1194 1997 1295 2059 ecdem

150 2107 274 2178 tempore
307 2108 485 2160 υυοτουτυκε.
529 2098 607 2159 Turn
641 2113 711 2159 vero
738 2097 775 2158 ad
801 2095 880 2159 atiud
902 2096 1067 2159 Aristotelis
1099 2103 1188 2176 eaput
1219 2112 1292 2177 pru·

151 2197 294 2258 curritur:

150 2309 278 2371 Piscium
319 2309 432 2389 lupus
469 2317 504 2370 et
546 2307 705 2370 trichias
733 2298 1292 2390 p.543aasqq.:otds9at·od

150 2406 205 2468 bis
227 2424 325 2468 auno
348 2407 447 2488 parit
469 2416 503 2468 et
529 2406 706 2469 saxatiles
732 2425 787 2477 τος
812 2401 851 2466 δὲ
876 2398 929 2478 die
956 2402 1082 2468 τούτων
1106 2400 1208 2487 μόνος
1237 2410 1289 2483 (sc

149 2522 271 2580 omues,
302 2504 402 2566 mulli
425 2513 484 2566 ter
509 2505 594 2585 (haee
619 2504 705 2567 lectio
732 2502 897 2578 sturae),
926 2505 1053 2581 γίνεται
1082 2495 1119 2565 δ’
1148 2498 1167 2567 d
1196 2500 1292 2578 τόκος

150 2600 322 2666 Aristoteles
337 2602 511 2685 comprobat
526 2622 616 2685 quam
632 2604 705 2666 lalso
732 2595 821 2674 αὐτῷ
847 2596 867 2663 ό
887 2596 1021 2684 ὕστερος
1040 2596 1291 2687 ἀσθενέστερος.

149 2702 258 2766 reiecta
280 2722 296 2766 a
318 2701 387 2765 viris
410 2700 503 2766 doctis
525 2702 576 2783 sit)
732 2694 1205 2783 καίότρυχίαςόὲκαίτά
1219 2721 1292 2765 πτ-

732 2793 1291 2883 τραίαόίς,ἦόὲτρίγλημόνρ

731 2892 821 2979 τρίς.
856 2899 1088 2983 τεκμαίρονται
1113 2893 1146 2960 δ’
1171 2895 1208 2960 ἐκ
1232 2897 1294 2963 τοῦ

732 2992 846 3074 γόνου·
861 2995 932 3081 τρίς
945 2995 1008 3081 γὰρ
1024 2998 1178 3080 φαίνεται
1194 2992 1216 3062 ό
1228 2993 1290 3077 γό·

731 3115 788 3169 νος
803 3097 880 3178 περί
895 3117 987 3168 τινας
1001 3091 1136 3169 τόπους.

149 3215 189 3269 ut
204 3206 359 3282 chalcis3
380 3205 523 3286 cyprini
542 3207 705 3282 sexiens3
733 3227 762 3288 p.
777 3207 871 3270 568Α
889 3207 941 3271 18;
967 3206 1111 3288 χαλκὶς
1136 3206 1174 3271 dd
1188 3212 1292 3272 τίκτει

731 3307 819 3390 τρίς
834 3315 865 3368 et
879 3308 903 3368 Α
921 3304 973 3368 16:
989 3307 1137 3371 τίκτουσι
1152 3303 1186 3370 δ’
1203 3305 1240 3370 ἓν
1253 3308 1292 3394 τῇ

733 3400 926 3490 καθηκοόσῃ
941 3398 1009 3489 ὥρᾳ
1024 3414 1221 3490 κυπρῖνος
1231 3405 1293 3489 μὲν

732 3499 890 3577 πεντάκις
904 3500 925 3586 ἢ
941 3499 1089 3579 ἑξάκις.

148 3628 250 3707 ltaque
271 3626 395 3690 consilio
415 3627 490 3689 scito
509 3644 572 3689 uon
586 3627 672 3690 υκυίίί
694 3627 749 3690 soli
760 3638 805 3691 ter
824 3629 968 3709 scriptum
991 3638 1036 3691 est
1056 3630 1107 3692 sed
1128 3631 1216 3693 mulli
1233 3641 1291 3694 ter:

149 3745 257 3808 nempe
280 3726 434 3788 invenerat
459 3727 605 3808 interpres
632 3727 688 3789 alio
712 3728 775 3790 loco
798 3727 888 3790 etiam
909 3727 1023 3790 chalda
1045 3737 1092 3790 ter
1112 3728 1292 3808 parientem

149 3828 206 3889 iam
230 3825 320 3905 igitur
340 3825 411 3886 inde
426 3827 539 3888 chalcio
552 3826 694 3906 particula
714 3837 748 3888 ct
768 3826 862 3890 alienu
885 3845 919 3888 ea
941 3845 957 3889 a
980 3834 1042 3889 tota
1056 3829 1112 3890 hac
1134 3846 1293 3890 enumera-

148 3926 231 3987 tione
252 3925 311 3986 huc
334 3922 473 3996 adseruit,
494 3925 583 3987 simul
604 3925 735 3988 indidem
758 3926 912 4006 cyprinum
935 3934 969 3986 ut
991 3925 1152 4005 adoptaret.
1195 3926 1292 4007 Atque

149 4025 191 4086 ita
213 4024 261 4088 ille
275 4023 326 4105 qui
341 4021 415 4084 nihil
437 4023 499 4084 iere
520 4023 697 4086 intendebat
718 4023 777 4086 nisi
798 4041 845 4086 res
868 4023 962 4087 varias
984 4043 1020 4085 ex
1034 4025 1194 4087 Aristotele
1218 4044 1290 4088 con·

148 4141 260 4208 gerere.
297 4120 410 4184 Plinius
426 4141 495 4184 vero
511 4122 536 4184 si
550 4114 740 4186 Aristotelem
762 4123 802 4184 ita
824 4132 927 4186 eontra
943 4142 975 4186 se
997 4123 1094 4205 ipsum
1108 4133 1291 4206 pugnantem

150 4230 282 4283 accurate
304 4219 431 4282 lectione
458 4240 491 4284 ae
514 4221 599 4283 docto
621 4221 719 4283 studio
746 4223 948 4301 comperisset,
969 4222 1068 4284 nullus
1091 4222 1195 4285 dubito
1219 4224 1290 4304 quin

150 4329 303 4399 peccatum
327 4319 438 4383 summi
461 4320 514 4382 viri
536 4340 551 4382 a
574 4340 606 4382 se
628 4304 779 4383 detectum
802 4330 1005 4384 ostentaturus
1027 4320 1126 4382 luerit.

150 4432 379 4513 scorpiones
419 4433 469 4509 (ita
506 4432 704 4506 scribendum,
731 4453 760 4514 p.
788 4433 879 4496 543n
906 4434 941 4494 7:
972 4426 990 4495 ὁ
1020 4429 1062 4494 dt
1092 4434 1291 4516 σκορπίος
