2902 5040
656 263 899 327 -104-

207 463 293 523 saepe
318 450 350 504 ut
373 442 488 503 videtur
511 441 725 515 diversissima3
746 442 846 520 itaque
869 439 1040 520 promisisse
1063 458 1125 501 rem
1148 440 1350 519 operosiorem

206 551 237 603 et
257 541 443 603 subtiliorem
461 539 517 601 sibi
538 539 585 600 ille
608 539 761 601 videbatur
776 539 960 618 ridiculaque
983 538 1102 601 audacia
1121 547 1150 600 11
1164 540 1352 618 neglegentia

206 641 334 702 molesto
366 638 478 700 absolvi
511 656 636 699 munere
669 637 834 711 festinavit3
872 638 984 704 scilicet
1020 637 1232 717 imperfectum
1266 629 1364 700 Ovidi

206 747 311 821 poema
333 736 464 800 scribere
487 737 652 799 simulabat.
697 737 779 809 Quae
805 755 874 799 cum
899 737 940 797 ita
969 736 1030 798 sint
1056 736 1104 797 rix
1132 737 1240 815 dignus
1261 736 1352 799 bomo

208 837 353 899 videbitur
376 836 407 896 in
431 834 514 897 cuius
538 835 659 896 consilio
682 835 847 914 studiisque
869 835 1012 896 rimandis
1035 851 1155 914 operam
1177 837 1354 915 perdamus3

207 936 264 998 nisi
291 935 370 1014 quod
398 934 527 1015 aliquam
556 935 582 996 ei
605 934 838 997 Halieuticorum
861 954 964 1014 graece
987 934 1169 1014 scriptorum
1190 935 1352 1013 imaginem

207 1043 275 1098 ante
309 1034 410 1097 oculos
444 1033 630 1096 obversatam
664 1053 729 1096 esse
761 1042 942 1113 expsectatur.
987 1035 1048 1096 laur
1072 1052 1139 1096 vero
1161 1033 1199 1096 ad
1222 1034 1354 1114 triparti-

206 1135 319 1197 tiouem
341 1133 420 1196 illam
454 1134 588 1196 locorum
623 1141 656 1195 ut
688 1143 882 1204 revertamur,
917 1133 1071 1213 Oppianus
1105 1140 1226 1196 econtra
1259 1134 1354 1214 parti-

207 1233 319 1296 tionem
343 1233 438 1295 muito
467 1232 629 1295 doctiorem
663 1241 693 1294 11
724 1232 912 1295 subtiliorem
945 1232 1087 1304 instituit,
1120 1231 1203 1294 ouius
1237 1231 1354 1294 dir-ersa

207 1335 271 1395 loca
303 1339 373 1395 sunt
404 1351 466 1394 non
494 1332 592 1394 minus
617 1331 756 1394 undecim
789 1339 879 1412 atque
903 1331 990 1394 unius
1014 1330 1109 1392 saxosi
1131 1330 1217 1392 fundi
1239 1330 1355 1392 diuersa

207 1449 315 1512 genera
337 1439 494 1511 quattuor;
520 1449 647 1511 quorum
675 1431 727 1493 uni
756 1431 863 1510 cuique
889 1431 935 1492 sui
962 1431 1104 1492 nimirum
1132 1430 1167 1492 ab
1194 1449 1229 1491 eo
1257 1429 1355 1510 pisces

208 1532 327 1593 dantur.
372 1531 427 1592 Alii
451 1530 532 1592 enim
555 1531 633 1610 apud
661 1529 829 1609 Oppianum
851 1531 937 1592 litora
959 1530 1081 1591 humilia
1105 1537 1135 1592 et
1157 1529 1355 1606 1111111111-

208 1632 311 1693 colunt
333 1627 385 1705 (95
403 1627 470 1708 su),
501 1629 548 1689 alii
571 1628 642 1689 vada
666 1628 757 1688 maris
784 1628 888 1690 limosa
912 1628 1010 1707 (102),
1036 1627 1086 1689 alii
1119 1627 1247 1690 herbosa
1268 1626 1356 1689 litora

210 1728 309 1807 (107),
338 1727 387 1789 alii
414 1745 494 1788 mare
517 1726 689 1792 fluminibus
715 1725 842 1787 vicinum
865 1726 939 1804 (111
964 1729 1053 1807 squ),
1081 1726 1130 1787 alii
1151 1727 1299 1806 scopulos,
1327 1735 1358 1788 et

208 1827 329 1908 quidem
351 1846 402 1889 eos
425 1834 477 1888 aut
498 1826 561 1904 alga
584 1824 689 1905 plenos
713 1822 801 1904 (123)
824 1832 874 1887 aut
901 1825 1028 1888 humiles
1061 1826 1219 1904 arenisque
1242 1826 1355 1887 adfines

211 1926 308 2003 (128),
335 1933 387 1988 aut
413 1923 514 1987 herbis
542 1922 819 2003 111111(131)1111
847 1923 1076 2002 1111111(138),
1102 1931 1174 1986 sunt
1203 1935 1357 2003 praeterea

209 2026 260 2108 qui
292 2025 324 2086 in
356 2024 417 2084 imo
441 2024 550 2085 lateant
575 2023 690 2102 gurgite
714 2022 812 2100 (145),
842 2031 888 2084 111
910 2023 1060 2102 quiexeat
1081 2023 1113 2084 in
1135 2022 1230 2103 ipsam
1245 2031 1356 2104 terram

210 2125 307 2206 (155),
322 2133 392 2186 sunt
404 2123 455 2203 qni
470 2123 559 2184 simul
574 2123 606 2183 in
621 2123 697 2184 saxis
714 2123 787 2184 etin
804 2122 899 2184 arenis
916 2123 1021 2202 degant
1037 2123 1223 2200 (1118),·111111
1239 2124 1290 2203 qui
1306 2142 1355 2186 va-

209 2231 316 2306 gentur
338 2236 510 2302 permagna
526 2221 619 2301 spatia
637 2220 730 2301 pelagi
746 2220 844 2299 (179).
874 2220 976 2300 ltaque
991 2229 1021 2282 et
1037 2240 1083 2282 res
1099 2230 1129 2282 et
1145 2221 1311 2284 doctrinam
1327 2230 1357 2283 et

209 2324 336 2404 argutias
359 2322 526 2402 Oppianum
551 2321 659 2382 hocin
683 2321 747 2382 loco
771 2321 879 2382 mirum
904 2330 1048 2401 quantum
1072 2339 1262 2400 exaggerasse
1285 2321 1356 2383 satis

209 2430 300 2505 patet.
344 2421 512 2483 Fatendum
535 2428 579 2481 est
602 2427 702 2481 tamen
725 2438 789 2480 esse
811 2420 898 2481 etiam
923 2439 981 2499 quo
1005 2420 1147 2482 ovidiana
1170 2421 1270 2483 miurus
1293 2421 1356 2482 sui-

211 2522 325 2595 ficiant3
362 2538 431 2581 uam
470 2520 579 2581 adsunt
616 2519 736 2598 quidem
774 2520 854 2598 algae
892 2519 1050 2581 herbarum
1088 2520 1230 2595 (fortasse
1267 2520 1356 2582 etiarn

210 2629 375 2682 ostrearum
396 2620 432 2681 11.
448 2637 477 2698 p.
495 2617 549 2697 28)
572 2626 714 2691 amantes,
736 2618 845 2680 adsunt
867 2618 956 2681 etiam
978 2619 1129 2694 saxatiles3
1150 2619 1359 2683 desiderantur

210 2726 311 2783 tamen
323 2736 431 2798 genera
443 2717 626 2797 pelagiorum
641 2724 670 2779 11
685 2717 844 2779 litoralium
863 2726 893 2779 et
908 2718 1012 2782 limum
1032 2718 1223 2781 incolentium
1236 2735 1358 2797 separa·

208 2817 264 2879 tim
279 2817 389 2898 posita3
411 2816 463 2878 ubi
478 2815 558 2877 enim
575 2816 678 2878 divisio
690 2816 857 2879 instituitur
872 2816 997 2897 amplior
1008 2816 1111 2897 (atque
1124 2817 1248 2879 maxime
1263 2817 1359 2897 pisces

209 2916 261 2996 qui
284 2915 422 2977 umbram
445 2924 547 2977 ament
569 2915 601 2976 in
617 2935 644 2976 v.
661 2915 701 2977 88
717 2916 872 2978 memorati
895 2915 1070 2997 ampliorem
1091 2935 1158 2978 eam
1180 2916 1273 2979 fuisse
1287 2935 1359 2998 pro·

210 3016 297 3090 dunt)
319 3015 360 3077 illi
383 3033 446 3077 uon
469 3014 556 3077 simul
572 3001 728 3095 significari
744 3016 791 3076 rix
813 3024 967 3095 poterant3
990 3016 1148 3079 Columella
1163 3016 1359 3097 quoqueVlll

210 3133 274 3194 cap.
295 3113 386 3194 lbsq.
411 3113 520 3176 ubido
544 3113 660 3175 vivariis
683 3132 730 3174 ros
754 3120 799 3175 est
825 3113 855 3175 in
878 3115 957 3177 victu
981 3115 1106 3195 piscium
1129 3115 1361 3179 discernendum

211 3212 314 3274 didicit
348 3231 412 3274 esse
446 3212 525 3273 inter
556 3211 708 3292 regionem
742 3211 877 3274 limosam
905 3221 935 3274 11
959 3214 1038 3276 iuter
1064 3232 1202 3276 arenosos
1230 3216 1360 3295 gurgites

214 3312 416 3389 marimeeos
438 3319 523 3392 aptos
545 3312 666 3391 pelagiis
689 3320 718 3373 et
739 3312 818 3374 inter
840 3331 920 3375 mare
942 3333 1080 3376 saxosum
1104 3314 1148 3394 (111
1170 3314 1359 3394 1111786

211 3411 402 3474 scribendum
418 3411 548 3472 videtur:
571 3411 700 3489 scopulos
722 3414 773 3490 qui
789 3416 942 3494 praecipue
965 3413 1092 3475 veneriis
1116 3412 1216 3493 clpaoe
1231 3416 1359 3476 vestiun-

212 3514 283 3586 tur).
321 3510 384 3570 iam
408 3527 475 3570 vero
498 3510 685 3571 intercidisse
708 3511 815 3592 aliquid
840 3519 908 3591 post
930 3531 955 3572 v.
972 3511 1013 3573 86
1035 3511 1163 3591 Hauptio
1186 3512 1262 3574 duce
1284 3531 1360 3575 con-

211 3609 334 3671 iecimus
357 3625 446 3688 supra
469 3627 498 3687 p.
515 3606 571 3682 263
600 3607 694 3670 conici
723 3609 752 3670 id
776 3628 896 3690 quoque
917 3611 1027 3689 poterit
1049 3630 1115 3672 esse
1137 3612 1195 3673 hoc
1216 3611 1359 3674 damnum

212 3725 274 3769 uon
295 3706 383 3767 unius
399 3706 451 3768 sed
468 3706 664 3786 complurium
681 3726 834 3785 versuum3
858 3729 933 3789 quae
948 3709 1114 3771 coniectura
1131 3712 1360 3774 commendatur

212 3814 243 3868 et
264 3825 296 3867 re
319 3812 350 3866 et
371 3804 539 3883 suspicione
554 3806 655 3867 altera.
692 3805 953 3870 Vindobonensem
975 3808 1083 3869 librum
1107 3808 1281 3888 primarium
1300 3810 1361 3872 Ha·

212 3905 398 3966 lieuticorum
422 3913 451 3966 et
474 3904 556 3965 Grati
582 3911 690 3988 testem
718 3906 750 3966 in
779 3907 884 3987 pagiua
917 3926 974 3969 una
1008 3927 1125 3988 quaque
1159 3927 1264 3970 versus
1297 3910 1361 3971 fere

213 4003 316 4082 uiginti
338 4002 413 4064 duos
437 4002 621 4064 continuisse
643 4003 713 4065 inde
735 4005 889 4084 colligitur,
914 4006 993 4087 quod
1016 4025 1157 4069 versuum
1181 4007 1357 4071 sar-541

215 4101 304 4163 simul
326 4102 420 4181 capita
443 4109 579 4164 truncata
603 4111 782 4175 cernuntur,
816 4105 902 4167 simul
937 4105 1083 4168 clausulae
1110 4113 1267 4168 truncatae
1293 4126 1359 4169 ver-

212 4215 301 4261 suum
314 4199 482 4260 oto-519
495 4200 535 4261 ita
551 4209 585 4262 ut
595 4202 679 4263 alteri
695 4202 726 4263 in
742 4203 903 4266 alterorum
915 4207 999 4285 quasi
1012 4206 1100 4267 dorso
1116 4206 1219 4286 scripti
1234 4224 1300 4268 esse
1316 4207 1359 4268 vi·

213 4297 351 4372 deantur,
373 4317 467 4379 eaque
489 4301 671 4378 computatio
698 4303 786 4382 plane
816 4305 1008 4367 confirmatur
1031 4304 1139 4367 codicis
1163 4304 1359 4385 descriptione

214 4396 250 4457 ab
272 4397 401 4479 Hauptio
435 4398 501 4459 data
525 4399 617 4478 praei.
639 4419 666 4479 p.
686 4401 743 4462 Vll.
788 4402 862 4463 Item
892 4404 970 4484 quod
993 4403 1227 4465 Halieuticorum
1256 4423 1359 4467 uersus
