2902 5040
664 324 908 388 -198-

219 504 402 565 ιιιιιιιιιίοιν,
431 503 609 582 noningenti
632 502 683 564 ltie
705 500 902 562 llorarisciren
924 501 1053 562 Pisonen
1082 501 1174 562 indita
1201 520 1355 563 comnen-

218 602 381 664 sutoribus
410 600 565 681 ulrilelogis
597 600 628 662 iu
662 600 807 661 bonorem
839 599 895 660 Tb.
923 600 1100 660 nummi
1133 620 1162 679 pc
1187 600 1252 661 420
1272 619 1357 681 sqq.;

218 701 357 781 scriptum
391 700 470 762 erim
494 702 595 761 Artem
623 700 719 779 arguit
747 716 807 760 uon
828 709 897 778 post
923 715 1034 759 annun
1056 718 1083 758 a.
1105 717 1135 759 u.
1152 698 1224 760 735.
1269 701 1357 773 Quot

218 800 242 861 si
266 799 296 861 in
319 798 436 860 miculis
460 798 533 860 meis
555 797 687 860 metricis
711 797 863 859 Horatium
887 797 1008 876 plenum
1031 797 1240 871 exhibuissem,
1267 818 1357 878 argu·

220 898 312 960 menti
335 898 399 960 loco
421 897 458 959 ad
480 917 532 959 eos
552 915 760 979 provocarem:
786 914 865 959 nunc
879 897 968 957 fidem
991 896 1033 957 eis
1055 907 1089 957 ut
1108 896 1174 976 ipse
1189 896 1294 963 habeo.
1316 899 1357 960 ita

220 1008 319 1061 moron
335 996 407 1059 ulios
422 996 575 1058 babituros
593 1015 658 1057 esse
673 995 809 1076 despero.
840 995 987 1068 Quoniam
1004 1014 1073 1057 sero
1087 996 1269 1074 argumentis
1285 998 1357 1059 dum

220 1098 285 1159 siue
307 1096 489 1176 argumentis
517 1094 620 1156 ‹liitido
658 1113 756 1175 neque
783 1095 845 1158 siro
873 1093 1045 1156 doctissimo
1071 1111 1171 1175 neque
1193 1114 1261 1156 vero
1285 1098 1358 1159 mibi

221 1196 276 1277 ipsi
300 1194 435 1277 plumbo,
467 1194 504 1255 cle
526 1212 613 1256 versu
635 1195 739 1255 saltem
762 1194 841 1255 Artis
863 1193 1005 1272 obloquar
1023 1193 1081 1253 157
1106 1193 1204 1267 (blieb.
1225 1214 1254 1275 p.
1272 1195 1358 1272 429).

220 1294 295 1357 Nam
316 1312 387 1357 cun
408 1293 480 1356 brou
499 1292 608 1355 traditu
630 1293 792 1373 accepisset
814 1309 938 1372 mugnus
960 1292 1128 1353 bentleius:

320 1406 431 1469 Aetatis
453 1404 598 1485 cuiusque
618 1403 744 1466 usundi
765 1412 837 1466 suut
858 1403 912 1466 tibi
934 1421 1033 1465 mores

319 1503 536 1584 llobilibusque
558 1502 647 1565 decor
667 1503 781 1566 naturis
803 1503 918 1565 landus
939 1511 969 1565 et
990 1502 1087 1574 anub,

222 1634 282 1681 nor
304 1623 383 1680 recte
405 1613 454 1678 ille
474 1613 663 1676 coniectarit:

320 1724 538 1808 Mobilibusque
560 1726 650 1789 decor
670 1727 795 1788 maturis
817 1725 932 1788 claudus
954 1734 984 1788 et
1005 1727 1100 1789 aunis.
1187 1714 1190 1719 ’

223 1838 299 1917 Quiri
313 1840 403 1913 euim,
423 1835 557 1920 elucesci
573 1836 687 1903 dandus
699 1838 788 1899 decor
800 1845 846 1900 est
862 1847 892 1899 et
902 1837 1064 1921 puerilibus
1080 1840 1167 1903 annis
1178 1849 1208 1902 et
1219 1844 1359 1906 maturis:

221 1936 342 2021 quinam
367 1936 457 2020 igitur
479 1933 593 1999 ‹teeort
617 1954 656 1998 su
685 1936 813 2000 decorati
836 1936 906 1999 anni
928 1937 997 2023 quid
1020 1937 1081 1999 siut
1102 1938 1196 2002 dicere
1223 1939 1361 2020 poteris?

220 2034 409 2101 scribendum
434 2034 600 2099 necessario
622 2032 693 2098 luit:
726 2037 816 2099 decor
842 2057 929 2099 suus
957 2036 1002 2098 vel
1024 2037 1115 2100 decor
1141 2047 1251 2122 optus
1274 2040 1360 2104 annis

221 2136 335 2201 drudus
357 2144 387 2198 et
410 2134 533 2197 maturis
556 2143 584 2197 et
608 2133 766 2198 mobilibus
789 2144 840 2199 est.
885 2133 945 2197 lam
968 2141 1176 2200 coronatoris
1198 2138 1277 2220 quod
1300 2149 1360 2202 tra-

220 2233 298 2300 ditur
321 2233 433 2316 optimo
455 2231 552 2296 habet.
590 2232 691 2296 Varius
714 2234 795 2296 enim
819 2242 928 2297 aetates
951 2231 1080 2298 hominis
1096 2234 1231 2299 distincte
1246 2257 1360 2318 ponere

220 2332 358 2400 Horatius
380 2350 441 2396 non
464 2340 531 2397 unte
554 2348 671 2395 versum
698 2328 756 2395 158
780 2332 968 2414 adgreditur3
1000 2350 1091 2406 nunc,
1120 2344 1153 2399 ut
1175 2323 1260 2410 solet,
1289 2357 1362 2400 sen-

221 2434 343 2497 tentium
359 2448 420 2495 ιιιιιι
437 2432 497 2494 vult
513 2430 569 2495 nisi
591 2450 680 2494 urnam
704 2441 733 2493 et
755 2431 880 2494 eandem
903 2431 1019 2494 duobus
1039 2433 1171 2496 versibus
1193 2432 1240 2497 bis
1263 2434 1359 2518 eloqui

220 2532 325 2595 leniter
341 2528 497 2595 immutato
514 2548 666 2594 sermone:
684 2531 760 2592 velut
772 2527 855 2592 decor
865 2527 979 2594 duodus
992 2530 1070 2594 idem
1084 2532 1218 2615 estquod
1231 2532 1359 2610 rotundi,

221 2642 344 2697 outrrrue
366 2626 444 2692 illem
468 2630 546 2713 quod
568 2646 670 2704 mores,
698 2636 871 2691 naturarum
896 2629 1044 2693 mobilitas
1072 2633 1161 2695 refert
1187 2632 1260 2696 illud
1284 2644 1360 2696 uetus

221 2746 360 2815 greaeque:
395 2727 493 2812 itaquo
521 2726 661 2809 quttnium
691 2745 788 2810 nequo
815 2726 900 2790 recor
927 2728 998 2811 poni
1021 2727 1118 2793 nudus
1140 2732 1238 2812 potuit
1263 2734 1361 2816 neque

222 2846 291 2892 rouo
314 2827 412 2893 ssrnsui
435 2825 545 2893 sullicit
566 2824 638 2890 illud
661 2836 687 2890 et
709 2828 801 2902 uenis,
824 2824 963 2891 Horatius
987 2826 1058 2890 baec
1079 2829 1232 2911 scripsisse
1254 2840 1361 2913 puton-

223 2924 279 2991 ‹ius
303 2937 363 2989 est:
666 2922 669 2929 ’

321 3024 430 3089 botulis
453 3024 596 3108 cuiusque
617 3023 738 3087 notandi
761 3031 831 3087 sunt
853 3023 906 3085 tibi
929 3042 1027 3087 mores

322 3125 536 3211 Mobilibusque
558 3126 672 3191 decor
693 3122 804 3186 naturis
828 3120 973 3185 dendus
996 3122 1038 3188 ab
1060 3120 1201 3202 annis,'

223 3242 369 3324 stabitque
404 3240 460 3306 iurn
494 3238 574 3322 quod
596 3235 741 3320 lluuptius
769 3232 938 3298 observavit
959 3233 1094 3316 (Observ.
1118 3236 1181 3301 crit.
1203 3257 1233 3321 p.
1250 3239 1290 3305 48
1304 3234 1362 3323 sq'.)

226 3341 376 3407 llorutium
410 3339 440 3402 iu
470 3337 572 3420 epudiu
599 3338 718 3421 quidem
741 3343 771 3398 et
793 3333 981 3397 sermonibus
1002 3336 1160 3425 particulas
1183 3332 1361 3419 copulatius

224 3440 316 3525 quuliu
345 3446 393 3505 est
419 3448 447 3502 et
469 3458 486 3503 u
509 3438 605 3522 pem
628 3434 772 3501 enuntiati
800 3435 865 3496 loco
888 3434 1049 3497 removisse
1072 3433 1189 3517 saepius
1211 3437 1361 3520 aliquanto

224 3557 312 3623 uuum
329 3536 496 3620 Vergilium,
515 3535 612 3601 urlinus
628 3555 715 3618 suerro
732 3533 762 3599 in
778 3531 967 3609 curnrinibus,
990 3533 1118 3596 maxime
1141 3536 1173 3599 in
1188 3539 1363 3618 posteriori·

224 3636 280 3703 bus
303 3634 394 3707 libris,
417 3654 537 3723 perraro
561 3637 590 3700 iu
614 3632 756 3718 epistulis,
780 3629 809 3695 in
833 3640 897 3694 arte
918 3631 1032 3713 poetica
1055 3649 1214 3716 nusquam.

310 3734 368 3799 seu
402 3734 489 3799 utinm
523 3734 570 3799 illu
604 3735 771 3798 coniectura
804 3728 999 3795 incertissima
1033 3742 1078 3796 est
1100 3753 1157 3816 qua
1178 3752 1298 3801 vorsum
1322 3737 1362 3802 65

226 3836 328 3899 ollerre
358 3852 424 3897 rum
452 3834 532 3897 biutu
566 3833 640 3897 cirre
668 3830 828 3895 bucolicum
862 3844 1012 3894 cursuram
1048 3831 1197 3915 insperato
1230 3837 1365 3918 cogimur

226 3933 276 4000 tuli
308 3933 419 3999 scilicet
451 3950 540 4016 quom
563 3930 706 4013 Vergilius
736 3929 880 4003 exercuit,
912 3946 971 3991 uon
999 3931 1129 3995 exercuit
1151 3930 1290 3997 Horatius
1312 3934 1363 4016 (ui.

226 4028 359 4101 Suulb.
374 4028 424 4096 38.
447 4029 471 4093 ll
487 4029 518 4103 l,
533 4026 603 4113 ‘lblz
1232 4022 1235 4029 ’

327 4127 414 4212 begis
436 4147 521 4211 opus,
544 4127 689 4194 sterilisve
711 4129 793 4214 palus
817 4127 865 4193 diu
890 4135 1015 4212 aptaque
1037 4128 1143 4204 remis3

226 4243 279 4311 scil
301 4242 333 4307 iu
357 4240 464 4307 trudito
485 4241 627 4307 lectione:

327 4355 412 4436 lingis
435 4374 520 4436 crpus,
543 4353 686 4419 sterilisve
707 4353 758 4419 liu
779 4355 865 4436 unlus
887 4363 1015 4437 aptique
1036 4357 1128 4420 remis

328 4454 443 4519 Vicinus
466 4452 548 4520 urbis
569 4452 621 4519 ulit
641 4464 672 4519 et
691 4471 779 4535 graue
798 4454 890 4518 sentit
910 4463 1042 4519 usuum
