2902 5040
539 307 761 372 ..91-

77 483 159 555 uari3
192 483 266 546 sitos
299 493 398 548 autern
431 485 506 566 pilos
539 485 603 547 illos
638 505 702 547 esse
724 503 817 565 prope
839 484 950 556 oculos,
983 478 1139 565 ὑπεράνω
1161 483 1224 545 τῶν

77 576 277 665 ὀφθαλμῶν.
322 585 424 664 ltaque
458 594 488 646 et
515 585 662 647 interiisse
683 586 760 665 apud
785 584 956 646 Ciceronem
980 585 1104 647 verbum
1128 592 1158 646 et
1182 584 1223 646 ita

77 685 141 742 iere
160 683 379 745 conformatam
401 701 466 745 rem
485 683 579 745 fuisse
602 684 809 765 consequitur:
832 693 859 744 et
880 700 991 744 movere
1013 700 1101 763 prope
1120 700 1224 763 penum

78 781 223 861 quasdam
256 784 430 859 carunculas
463 785 501 846 od
520 802 590 863 quos
623 788 706 864 quasi
736 783 775 844 cd
800 800 892 843 escum
917 784 1006 861 pisces
1022 800 1082 859 eqs.
1127 782 1224 861 Atque

78 882 152 943 haec
174 899 295 962 qnoque
318 883 434 946 Stoicus
457 904 491 945 ex
507 883 665 945 Aristotele
688 881 817 960 sumpsit
832 900 859 960 p.
877 879 973 941 6266
992 880 1028 939 11
1047 898 1135 959 quem
1150 879 1224 940 item

78 981 215 1060 sequitur
236 981 348 1044 Plinius
363 984 404 1045 lX
423 983 481 1045 143
505 984 561 1046 nisi
584 982 663 1063 quod
686 981 781 1061 pilos
804 980 976 1042 Aristotcles
998 979 1126 1058 cogitare
1147 979 1224 1041 sicut

78 1078 219 1145 Aelianus
240 1081 357 1143 ridetur
378 1101 452 1162 quae
476 1083 587 1144 Plinius
610 1081 680 1143 dicit
703 1079 904 1142 corniculo.

133 1203 138 1214 ¹
166 1178 300 1258 Denique
336 1181 372 1242 de
407 1181 537 1262 piscibus
574 1179 734 1261 presserim
772 1178 952 1240 sententiam
990 1179 1067 1238 hanc
1102 1196 1223 1258 quoque

79 1293 169 1355 quam
185 1275 287 1338 Cicem
302 1296 370 1340 cum
386 1279 528 1342 scriberet
549 1279 639 1341 nimis
656 1287 805 1341 auctorem
821 1297 910 1339 suum
926 1284 1046 1338 secutus
1062 1295 1128 1338 esse
1143 1276 1224 1338 vide-

78 1380 144 1445 tur-3
177 1384 335 1455 postquam
369 1378 446 1438 enim
470 1378 654 1438 marinarum
676 1376 841 1441 bestiarum
864 1394 975 1436 unum
999 1382 1112 1436 tantum
1136 1375 1225 1454 pino-

78 1479 165 1533 teren
197 1473 311 1547 adtulit,
344 1476 440 1554 pergit
473 1480 491 1550 ξ
520 1476 594 1536 124:
631 1475 681 1536 Est
713 1477 799 1537 mium
832 1475 985 1536 admiratio
1017 1473 1161 1535 omento
1192 1477 1226 1534 io

80 1571 172 1633 bost&
194 1571 367 1652 aquatilibus
388 1577 425 1634 iis
446 1592 516 1653 quoe
536 1577 694 1653 peccantur
715 1577 745 1634 to
768 1584 858 1635 terra:
896 1574 1002 1634 harum
1035 1572 1125 1650 igitur
1156 1572 1224 1651 quia

79 1670 151 1730 tria
177 1671 321 1750 exempla
355 1671 449 1750 ponit,
482 1673 666 1751 reliquorum
699 1692 818 1753 quoque
851 1672 1023 1753 aquatilium
1046 1680 1130 1733 antea
1157 1673 1224 1751 plus

78 1787 177 1830 unum
207 1769 336 1848 positum
370 1771 538 1849 exemplum
570 1771 663 1831 fuisse
694 1771 888 1850 exspectabis.
944 1770 985 1830 De
1018 1771 1087 1849 pina
1124 1779 1224 1831 autern

81 1867 283 1929 animadverte
306 1868 379 1929 adici
403 1888 418 1929 a
442 1868 584 1931 Cicerone
606 1869 695 1931 verba
724 1871 811 1931 haee:
845 1873 877 1931 in
910 1888 966 1949 quo
997 1870 1027 1931 id
1058 1870 1223 1930 manandum

79 1976 119 2028 cst
145 1965 227 2044 (libri
250 1966 456 2029 admirandum
484 1977 538 2041 est3
572 1976 762 2048 perspexerat
796 1968 905 2047 quippe
938 1966 1074 2028 librarius
1107 1967 1153 2044 agi
1186 1967 1223 2026 de

79 2064 272 2144 admirandis)
305 2084 490 2144 cmepressuuc
524 2069 618 2147 ote'pom
650 2071 725 2128 ieter
757 2086 785 2128 ee
819 2086 858 2127 on
891 2070 949 2127 ium
984 2067 1049 2127 inde
1086 2066 1122 2126 ab
1159 2075 1224 2127 ortu

78 2167 265 2242 caturcipso
287 2175 471 2243 conprepotoe
491 2169 557 2226 oct.
597 2166 697 2245 ltaque
719 2164 793 2226 bene
814 2164 965 2226 conscium
983 2165 1116 2225 videmus
1132 2165 1224 2243 Chry-

79 2262 199 2341 sippum
225 2262 304 2324 illius
330 2264 366 2324 de
387 2265 522 2342 pinotere
546 2284 562 2324 e
584 2265 696 2337 concha
711 2271 798 2324 enato
823 2263 973 2343 opinionis
996 2278 1084 2343 quam
1106 2263 1225 2322 Cicero-

10 2405 12 2410 ·
79 2379 156 2422 nem·
173 2361 216 2422 De
230 2361 282 2423 fin.
298 2361 338 2422 1ss
354 2361 395 2422 62
418 2362 474 2423 sihi
496 2363 619 2441 elegisse
634 2363 802 2425 statuimus.
846 2362 956 2425 Similis
980 2361 1123 2423 dubitatio
1147 2363 1225 2441 apud

80 2460 272 2522 Aristotelem
295 2480 320 2522 e.
343 2462 431 2538 g.'de
459 2462 571 2523 nauhlo
595 2482 623 2542 p.
640 2461 737 2524 622Β
755 2463 809 2522 17:
833 2461 911 2544 rasel
934 2459 972 2522 dd
986 2462 1143 2537 γενέσεως
1169 2460 1225 2521 καὶ

80 2554 267 2631 συναύξεως
309 2559 368 2621 τοῦ
405 2554 566 2640 ὀστράκου
603 2559 663 2640 μὲν
701 2556 795 2622 οὔπω
833 2556 955 2633 ὦπται,
994 2558 1086 2621 donet
1122 2555 1180 2620 dd.
1195 2598 1223 2620 ..

79 2651 243 2739 φύεσθαι·
265 2651 378 2740 ὥσπερ
410 2651 515 2719 τᾶλλα
547 2654 711 2735 κογχύλια.
761 2652 800 2720 od
822 2655 922 2740 δῆλον
949 2656 987 2719 δέ
1008 2677 1073 2718 πω.
1087 2657 1118 2718 ai
1137 2653 1225 2719 ἀπο-

79 2751 238 2836 λυόμενος
259 2755 331 2834 (hoc
351 2757 500 2836 praefero)
522 2752 747 2838 dorecestria.

141 2853 262 2916 -Mntta
288 2855 434 2916 eiusmodi
465 2856 601 2935 proferre
628 2874 761 2934 possum,
794 2855 845 2916 sed
867 2873 961 2934 genus
986 2855 1085 2934 ipsum
1111 2853 1224 2915 videtis.

79 2952 135 3013 Sed
175 2953 255 3013 enim
289 2953 326 3014 ad
359 2972 447 3032 grues
482 2971 536 3015 nos
568 2961 652 3015 vocat
679 2954 791 3027 Cicero,
826 2972 954 3033 quorum
987 2953 1226 3015 animadversum

79 3049 239 3112 artificium
261 3050 299 3112 ab
320 3050 479 3112 Aristotele
501 3052 541 3112 sit
563 3071 582 3112 u
603 3070 656 3132 pcto
676 3052 812 3132 pleraque
835 3052 928 3127 (hunc
943 3052 1125 3132 Chrysippus
1141 3053 1224 3114 vide-

78 3148 149 3210 licet
171 3166 261 3226 suurn
284 3158 434 3210 auctorem
458 3149 595 3228 dixerat);
629 3150 661 3211 in
695 3169 729 3212 eo
762 3159 865 3211 tamen
899 3169 986 3228 quem
1018 3168 1086 3212 nos·
1100 3152 1225 3213 terimus

79 3247 238 3326 Aristotele
260 3265 322 3309 non
355 3248 474 3328 legitum
507 3253 594 3327 atque
627 3249 727 3310 locum
750 3249 859 3329 quippe
881 3249 1054 3327 ampliorem
1082 3269 1143 3311 non
1173 3251 1226 3312 ad-

79 3345 223 3420 scribam3
249 3347 301 3408 sed
328 3346 408 3409 idem
431 3354 533 3426 aperte
555 3347 730 3408 Plutarchus
757 3348 867 3426 legerat
893 3367 923 3428 p.
940 3347 1002 3410 967
1018 3349 1041 3409 Β
1055 3350 1108 3429 qui
1130 3350 1225 3412 trian-

80 3444 139 3522 guli
152 3514 156 3526 ¹
171 3437 300 3507 formam
333 3443 411 3506 siout
433 3445 533 3507 Cicero
564 3455 724 3519 memorat,
753 3455 886 3508 ceterum
915 3447 1031 3526 parcior
1054 3448 1227 3524 verborum3

80 3549 246 3624 accuratius
268 3566 358 3627 quam
382 3547 484 3609 Cicero
506 3548 535 3609 id
559 3549 698 3621 serravit,
721 3549 820 3625 volare
842 3568 893 3610 eos
916 3549 1005 3610 etiam
1028 3548 1227 3631 μετωπηδὸν

80 3634 131 3706 aut
152 3645 246 3707 etiarn
267 3643 383 3728 κόλπῳ
406 3644 606 3728 μηνοειδοῦς
625 3649 840 3729 περιφερείας
863 3648 899 3708 de
922 3666 981 3726 quo
1004 3648 1042 3709 cf.
1059 3647 1171 3710 Aeliani
1186 3648 1226 3708 111

83 3743 122 3806 13
140 3741 402 3825 κολπωράμεναι
418 3742 475 3806 καὶ
492 3741 664 3827 μηνοειδὲς
688 3743 723 3808 ed
740 3747 842 3826 μέσον
857 3749 947 3823 (anne
962 3747 1062 3826 potius
1076 3739 1113 3808 τὸ
1130 3747 1227 3826 περί-

80 3841 241 3924 μετρονῖ)
255 3838 484 3925 ἀποφήνασαι.
529 3844 614 3918 Quod
627 3863 725 3922 -grues
753 3846 825 3907 colla
852 3855 882 3906 et
903 3846 996 3924 capita
1019 3846 1051 3906 in
1074 3853 1157 3924 tergo
1177 3863 1226 3905 re·

80 3948 198 4023 ponunt
219 3940 465 4021 praevolantium,
491 3943 523 4003 in
546 3961 581 4005 eo
604 3962 673 4004 cum
696 3944 838 4019 Cicerone
860 3944 998 4022 congruit
1018 3944 1157 4005 helianus
1172 3944 1191 4003 l.
1206 3944 1225 4003 l.

81 4042 218 4120 Denique
237 4059 316 4119 quae
337 4041 374 4101 de
401 4040 531 4116 excubiis
560 4041 714 4103 nocturnis
737 4042 912 4103 Plutarchus
936 4041 973 4102 ab
995 4048 1115 4102 auctore
1138 4042 1226 4102 etiam

80 4139 272 4203 exuberantia
292 4138 414 4219 recepit,
437 4140 599 4201 concinunt
622 4159 655 4201 ea
678 4149 708 4200 ot
730 4159 798 4202 oum
813 4140 934 4201 heliano
956 4147 992 4200 et
1008 4157 1076 4200 cum
1092 4140 1226 4218 Oppiano

80 4239 198 4313 Hipeut.
212 4237 239 4298 ll
257 4239 312 4312 173
336 4237 511 4299 memoravit
532 4256 621 4318 grues
643 4238 796 4318 Oppianus
819 4237 907 4313 etiam
929 4238 961 4299 in
984 4237 1109 4298 Halieut.
1126 4237 1225 4299 1620.

166 4333 268 4408 Quid?
290 4337 370 4415 quod
392 4337 441 4397 illa
455 4338 532 4415 apud
550 4337 722 4412 Ciceronem
737 4341 756 4411 §
773 4337 848 4398 126:
871 4340 1022 4397 vomitione
1038 4355 1130 4407 canes,
1151 4354 1227 4415 pur-

78 4438 194 4515 potioue
215 4445 310 4508 numm
331 4435 414 4496 olous
433 4436 490 4497 ibes
512 4434 662 4514 deppptr'oe
685 4446 801 4508 curant,
825 4436 973 4514 praeclara
995 4435 1154 4497 concordia
1177 4454 1225 4496 re·
