2902 5040
571 315 814 379 -157-

122 488 224 568 ltaquc
259 488 389 569 primum
423 489 608 552 adscribatur
640 498 670 552 et
703 488 780 572 ipse
795 499 824 553 et
845 492 928 554 locus
950 509 1072 569 graecus
1100 512 1190 574 quem
1213 515 1264 558 ex-

121 586 240 667 prinxit:

121 714 370 797 Tergeminos
422 718 503 780 nasci
566 727 681 780 certum
709 738 737 800 p.
754 716 846 781 58413
862 717 919 780 30:
945 716 982 782 τὸ
1008 718 1068 800 μὲν
1092 719 1152 803 γὰρ
1168 721 1265 786 πλεί-

121 824 166 877 est
198 815 388 878 Horatiorum
423 816 681 898 curiatiorumque
709 832 787 879 στον
813 818 868 878 καὶ
896 815 988 900 παρὰ
1010 827 1081 891 τοῖς
1096 817 1266 895 πλείστοις

122 914 267 993 exemplo.
355 915 495 996 Super
543 917 681 987 ¹inter
709 919 744 978 ἓν
758 917 923 977 τίκτουσιν
943 911 980 976 οἳ
995 925 1155 994 γυναῖκες,
1182 917 1266 981 πολ-

121 1019 274 1089 ostenta
318 1013 463 1075 dicitnr
512 1022 680 1094 praeter·
708 1012 802 1087 λάκις
818 1011 856 1075 δὲ
871 1013 926 1075 καὶ
944 1013 1113 1094 πολλαχοῦ
1128 1011 1264 1098 δίδυμοι,

122 1128 227 1191 qnam
256 1111 293 1171 in
315 1111 482 1192 Aegypto
509 1112 560 1174 ubi
583 1113 680 1174 letiier
710 1107 795 1174 οἷον
824 1116 891 1174 καὶ
923 1113 1015 1196 περὶ
1043 1117 1264 1193 Αἴγυπτον·

123 1215 196 1297 potu
241 1201 323 1270 Nilus
373 1211 478 1272 amnis.
545 1211 681 1287 (inicitur
708 1211 888 1274 τίκτουσι
918 1209 955 1273 δὲ
985 1211 1053 1274 καὶ
1081 1217 1173 1296 τρία
1202 1216 1267 1276 καὶ

123 1306 230 1368 deinde
250 1306 345 1369 labula
368 1309 404 1370 de
428 1311 538 1370 femina
554 1309 682 1390 quadarn
709 1308 891 1391 τέτταρα,
919 1310 996 1392 περὶ
1013 1309 1120 1385 ένίους
1134 1311 1196 1395 μὲν
1211 1313 1267 1375 καὶ

121 1405 247 1486 Augusti
279 1415 413 1488 tempore
442 1409 534 1470 semel
561 1415 682 1487 quater·
711 1396 845 1489 σφόδρα
865 1405 989 1482 τόπους
1012 1402 1119 1493 ὥςπερ
1140 1413 1266 1495 εἴρηται

121 1523 182 1565 nos·
201 1504 308 1579 enixa).
711 1500 922 1588 πρότερονίί).

122 1630 326 1712 lleperitur
359 1640 389 1693 et
416 1632 445 1692 in
475 1632 682 1712 Peloponneso
710 1629 852 1693 πλείστα
867 1629 905 1693 δὲ
927 1633 1071 1695 τίκτεται
1087 1634 1184 1696 πέντε
1210 1630 1269 1698 τὸν

123 1731 256 1810 quinos
295 1730 393 1806 (codd.
427 1732 517 1806 binos)
551 1738 684 1811 quater
710 1723 871 1812 ἀριθμόν·
915 1727 985 1812 ἤδη
1029 1729 1100 1814 γὰρ
1138 1726 1267 1796 ὦπται

123 1828 230 1891 enixa
264 1829 515 1910 maioremque
542 1838 682 1910 partem
709 1829 824 1890 τοῦτο
843 1826 899 1889 καὶ
915 1825 974 1889 ἐπὶ
990 1823 1155 1892 πλειόνων
1170 1845 1268 1914 σομ-

123 1928 542 1990 exomnieiusvixisse
564 1936 682 2008 partu,
710 1922 893 2007 βεβηκός·
932 1927 1002 2005 μία
1039 1924 1082 1988 δέ
1121 1949 1181 2000 τις
1228 1927 1269 1990 έν

123 2033 153 2086 et
195 2026 227 2087 in
264 2026 394 2105 Aegypto
439 2034 578 2106 septenos
623 2044 683 2085 uno
710 2017 1038 2104 τέτταρσιτόκοις
1061 2021 1190 2088 ἔτεκεν
1210 2029 1268 2088 εἴ·

123 2133 209 2186 utero
253 2124 341 2185 simul
386 2124 463 2203 gigni
501 2133 602 2185 auctor
639 2132 683 2184 est
710 2137 839 2184 κοσιν·
877 2117 950 2183 ἀνὰ
980 2120 1023 2183 δὲ
1053 2124 1168 2185 πέντε
1197 2124 1268 2207 γὰρ

123 2223 247 2301 Trogus.
710 2218 827 2293 ἔτεκε,
855 2218 919 2280 καὶ
941 2220 988 2282 τὰ
1004 2218 1129 2282 πολλὰ
1144 2218 1269 2285 αὐτῶν

709 2311 913 2402 ἐξετράφη.

130 2457 258 2538 Apparet
291 2463 372 2519 certe
405 2457 566 2519 clausulam
591 2457 766 2520 Aristotelici
795 2457 851 2519 loci
875 2457 953 2538 apud
977 2457 1105 2521 Plinium
1129 2459 1268 2540 exprimit

126 2555 301 2638 etquidem
327 2555 481 2634 legebatur
500 2563 566 2618 tunt
589 2559 713 2620 lortasse
736 2564 796 2626 non
826 2553 884 2619 ἐπὶ
912 2551 1089 2632 πλειόνων,
1116 2558 1167 2619 sed
1191 2556 1269 2639 περὶ

126 2651 391 2736 πελοπόννησονς
436 2655 521 2717 aliter
545 2656 644 2735 ipsum
677 2656 736 2717 hoc
766 2656 891 2717 alterum
923 2663 1104 2734 expunctum
1144 2657 1268 2718 dicetur.

126 2752 183 2815 Sed
206 2752 295 2815 etiam
311 2753 512 2817 antecedentia
530 2754 669 2816 extabant
691 2755 769 2833 apud
785 2753 973 2815 Aristotelem
994 2753 1108 2815 arbitro
1122 2755 1268 2816 Strabone

31 2893 34 2899 ·
125 2871 155 2932 p.
175 2851 258 2914 695:
300 2849 359 2925 τὰς
394 2849 431 2913 δὲ
465 2861 623 2929 γυναῖκας
663 2847 741 2913 ἔσθ’
771 2846 826 2913 ὅτε
851 2849 907 2912 καὶ
932 2847 1119 2933 τετράδομα
1148 2854 1270 2914 τίκτειν

124 2947 184 3023 τὰς
208 2950 415 3029 Αἰγυπτίας·
446 2945 672 3035 Ἀριστοτέλης
697 2945 736 3012 δέ
760 2969 833 3011 τινα
859 2947 914 3010 καλ
941 2945 1118 3030 ἐπτοίδομοι
1145 2947 1270 3031 intepet

124 3050 305 3124 τετοκέναι,
332 3047 388 3110 κοιλ
415 3043 513 3123 αὐτὸς
539 3045 727 3127 πολύγονον
754 3043 1088 3112 saturabuntur
1113 3045 1270 3130 καλτρό·

124 3167 241 3230 φιμον.
279 3147 419 3228 Sequitur
439 3150 570 3228 primum
590 3148 619 3209 id
643 3147 724 3230 quod
746 3147 818 3209 vidit
840 3145 1063 3208 Gutsobmidins
1086 3156 1119 3208 ut
1141 3147 1269 3208 eundern

126 3245 288 3308 Aristotelis
320 3247 418 3308 locu'm
452 3254 481 3308 et
503 3248 618 3327 Trogus
651 3256 680 3310 et
703 3245 809 3309 Strabo
839 3245 972 3307 adierint.
1017 3245 1158 3325 Sequitur
1180 3262 1269 3326 porro

126 3347 166 3406 cx‘·
194 3344 249 3406 illis
284 3342 470 3422 πολύγονον
503 3343 612 3409 καλῶν
641 3344 701 3409 τόν
735 3343 858 3408 Νείλον
890 3337 945 3405 καὶ
977 3335 1144 3425 τρόφιμον
1180 3343 1269 3405 etiarn

125 3442 213 3504 rerba
235 3442 283 3504 illa
305 3442 382 3504 Plini
403 3444 456 3505 ubi
474 3444 575 3525 [crater
593 3453 664 3527 potu
685 3445 768 3507 Nilos
789 3441 882 3505 omno
915 3461 950 3503 ex
972 3439 1129 3504 Aristotele
1151 3441 1270 3503 linxisse

127 3550 157 3602 et
172 3540 291 3620 quidem
308 3560 343 3602 ex
358 3541 422 3603 loco
437 3550 489 3604 aut
504 3544 610 3605 eodem
630 3552 681 3607 aut
696 3544 802 3606 vicino.
842 3542 907 3605 Veri
929 3560 1018 3621 porro
1040 3541 1224 3604 simillimum
1238 3542 1272 3602 lit

127 3639 208 3719 quod
223 3639 336 3700 Plinius
351 3639 422 3700 dicit
437 3640 662 3722 qootcrpcmiuos
676 3641 872 3719 interamenta
884 3650 1088 3722 praeterquam
1101 3646 1133 3703 iu
1148 3642 1269 3722 Aepypto

128 3737 315 3799 concinentia
330 3737 401 3799 haec
415 3758 482 3801 curu
496 3740 653 3803 Strabonis
674 3740 729 3803 κοιλ
745 3735 933 3823 τετράδομα
951 3742 1073 3805 τίκτειν
1087 3739 1145 3813 τὰς
1163 3725 1271 3817 Alpo-

129 3838 211 3910 πίας
223 3836 289 3917 ipsa
305 3854 423 3917 quoque
438 3838 542 3900 eodem
558 3840 628 3901 olim
642 3840 709 3902 loco
725 3839 879 3901 exstitisse.
904 3838 966 3899 lam
982 3857 1050 3901 vero
1065 3839 1101 3900 in⁴
1108 3837 1272 3899 Aristotelis

127 3952 268 3996 sermone
287 3934 434 4014 exscripto
450 3955 641 4018 summopere
662 3937 844 4018 languidum,
867 3937 936 4017 quid
959 3933 1047 3998 dico?
1074 3937 1219 3998 absonum
1242 3947 1272 3997 et

127 4033 320 4095 ridiculosum
344 4052 410 4095 esse
432 4034 525 4097 lector
547 4036 681 4098 curiosus
704 4036 867 4116 persentiat
889 4053 1011 4097 necesse
1033 4034 1172 4098 estillud
1200 4030 1273 4096 οἷον

127 4129 186 4192 καὶ
212 4129 289 4214 περὶ
313 4133 501 4213 Αἴγυπτον,
528 4134 638 4215 quippe
663 4135 812 4196 illustrans
840 4151 922 4196 nunc
943 4152 1006 4195 rem
1029 4130 1271 4212 volgatissimaui:

127 4231 411 4310 partumgeminnxn
427 4232 490 4294 lere
506 4232 613 4312 ubique
629 4231 801 4294 occurrere!
832 4231 912 4294 Ordo
928 4230 1191 4311 sermonis'aperte
1206 4240 1272 4292 tur-

129 4330 214 4391 batus
226 4337 271 4390 est
294 4348 353 4411 quo
369 4332 526 4411 scripserat
541 4331 616 4392 olim·
624 4328 831 4412 philosophus:
848 4325 1009 4401 πολλάκις
1024 4325 1061 4390 δὲ
1075 4327 1131 4389 καί
1145 4326 1272 4390 πολλο-

128 4428 188 4506 χοῦ
217 4425 355 4509 δίδυμα·
389 4432 539 4493 ’τίκτουσι
563 4426 688 4491 ’δὲκαὶ
714 4426 872 4512 τρίαεκαλ
898 4429 1038 4509 τέτταρσι
1062 4425 1139 4510 περὶ
1165 4424 1273 4498 ένίους

129 4524 190 4607 μέν
204 4528 259 4586 καί
285 4502 563 4608 aptiae-comm
577 4523 648 4590 οίον
658 4524 717 4588 κοιλ
728 4524 822 4608 επερὶ·
831 4527 1008 4603 Λίγοπτον
1023 4519 1129 4608 ὥςπερ
1144 4527 1272 4608 εἴρηται
