2902 5040
549 324 779 386 ...χχ-

105 504 107 509 ’
164 547 167 550 >
197 503 258 564 Nee
276 501 413 583 'proprias
436 502 513 564 uires
535 502 631 564 nescit
653 520 778 564 murena
800 500 926 562 nocendi

197 601 364 681 huxiliique
386 600 434 664 sui
456 618 559 663 morsu
580 619 637 663 nec
659 599 795 661 cominus
817 599 877 661 aeri

196 700 299 762 Deficit
322 700 510 762 antoninos
532 700 617 779 ponit
639 699 752 778 captiva
775 697 907 761 minacis.

93 812 225 874 Haecine
239 804 372 876 omnia?
401 811 515 891 captiva
543 819 603 884 est,
630 811 689 872 iam
711 809 761 872 uhi
782 800 949 872 auxilium?
979 808 1055 869 Num
1079 807 1239 869 verborum

93 911 152 971 hoc
172 918 293 972 tumore
312 910 376 971 lieri
394 910 492 989 potuit
511 918 545 971 ut
570 929 634 971 rem
660 909 787 989 scriptor
806 925 909 970 revera
930 903 1174 968 obliuisceretur?
1204 908 1241 966 nt

94 1009 177 1070 enim
198 1008 313 1070 Plinius
339 1024 443 1070 recens
467 1016 532 1070 tum
558 1025 678 1070 carmen
705 1006 864 1087 inspiciens
898 1007 934 1067 de
972 1023 1112 1067 muraena
1139 1024 1241 1067 excer-

94 1107 228 1188 pendum
242 1107 299 1169 hoo
321 1125 388 1169 esse
402 1107 490 1168 uidit:
512 1124 668 1168 muraenae
695 1105 818 1185 amplius
841 1105 978 1166 devorant
1001 1103 1239 1184 comminutum

90 1207 247 1269 ὀθαιοοεαο
269 1207 399 1270 munius
424 1205 513 1268 tineae
532 1215 614 1286 atque
636 1210 678 1267 ito
694 1205 826 1266 τνοθαοο.
860 1202 962 1281 ltaque
987 1202 1113 1264 abolitus
1136 1218 1240 1263 versus

95 1307 200 1367 saltem
230 1323 326 1379 unus,
361 1322 458 1385 neque
487 1304 553 1385 plus
584 1320 660 1377 uno,
697 1323 764 1365 eum
795 1307 870 1368 duos
899 1305 947 1366 illa
977 1305 1023 1365 vix
1060 1305 1239 1384 compleant;

94 1404 232 1465 liberiore
247 1412 347 1466 autem
374 1410 482 1465 ornatu
506 1420 554 1464 res
570 1403 656 1463 etiam
677 1403 747 1464 alias
766 1403 881 1466 Plinius
897 1404 996 1475 refert,
1019 1403 1099 1466 velut
1114 1422 1189 1483 quae
1205 1404 1240 1464 de

95 1502 202 1583 polypo
218 1510 296 1564 sunt.
327 1501 420 1582 Igitur
435 1501 478 1563 sic
493 1509 564 1582 puta
580 1501 623 1562 vel
641 1501 777 1564 similiter
793 1503 961 1583 legebatur:

196 1613 331 1695 Amplius
359 1633 392 1675 os
414 1613 502 1674 hamo
525 1621 609 1674 verat
631 1613 787 1693 creditque
808 1614 848 1677 ita
871 1614 976 1685 linum,

96 1745 190 1806 eaque
206 1725 378 1789 exciderunt
392 1733 515 1807 propter
530 1724 753 1787 similitudinem
771 1745 874 1788 vocum
890 1724 1097 1807 principalium
1113 1722 1242 1804 Amplius

95 1833 126 1886 et
147 1823 269 1887 Anthios
294 1843 351 1905 qua
374 1825 491 1886 ratione
518 1830 547 1884 et
570 1823 617 1884 alii
642 1825 727 1886 multi
753 1842 869 1886 errores
897 1823 1079 1903 explicantur
1104 1829 1133 1883 et
1160 1824 1240 1902 quod

94 1923 126 1984 in
141 1922 226 1985 libris
243 1923 364 1985 Homeri
379 1922 474 1984 Latini
489 1921 664 2002 quibusdam
680 1941 781 1984 versus
794 1921 834 1983 92
850 1930 919 1984 ante
936 1942 961 1983 v.
975 1920 1015 1983 93
1032 1922 1062 1983 in
1078 1921 1241 1999 marginem

97 2020 170 2082 abiit
185 2040 253 2083 cum
269 2021 343 2083 alter
358 2041 374 2084 a
391 2020 523 2101 Turpiter
538 2022 610 2082 alter
625 2040 640 2083 a
655 2020 782 2102 Iuppiter
797 2021 948 2101 inciperet.

181 2119 302 2199 Legitur
324 2130 424 2183 autem
446 2121 481 2182 de
504 2119 602 2181 anthia
625 2138 652 2180 v.
669 2119 710 2180 46
726 2139 806 2199 sqq.:

197 2232 350 2294 Anthias
373 2231 418 2293 his
440 2238 546 2310 terge
570 2250 645 2312 quae
667 2251 728 2293 uon
753 2230 832 2293 videt
855 2229 948 2292 utitur
970 2230 1085 2293 armis

196 2330 261 2391 Vim
284 2330 417 2411 spinae
440 2330 582 2409 novitque
604 2348 676 2391 suae
699 2348 844 2410 versoque
867 2329 1026 2409 supinus

197 2428 327 2510 Corpore
348 2428 424 2490 lina
447 2436 549 2490 secat
571 2428 722 2509 fixumque
744 2428 895 2508 intercipit
916 2429 1050 2490 hamum.

96 2557 210 2620 Similia
226 2567 307 2621 certe
321 2559 497 2621 Plutarchus
517 2558 629 2636 legerat
644 2556 758 2620 9770:
786 2554 820 2620 οἱ
846 2554 884 2619 te
911 2555 1062 2621 ἀνθίαι
1088 2557 1133 2641 τῷ
1158 2571 1241 2638 σομ-
1299 2619 1319 2643 ,ρ

96 2652 193 2740 φύλῳ
209 2656 397 2738 βοηθοῦσιν
414 2650 629 2738 ἰταμώτερον·
652 2654 721 2738 τήν
735 2655 809 2738 γάρ
831 2647 976 2738 ὁρμιὰν
995 2651 1241 2736 ἀναθέμενοι

95 2751 194 2816 κατὰ
219 2749 332 2836 ῥάχιν
357 2753 415 2816 καὶ
441 2749 653 2835 στήσαντες
674 2748 798 2836 ὀρθὴν
816 2753 884 2837 τὴν
910 2751 1092 2818 ἄκανθαν
1112 2739 1241 2833 effigu-

96 2851 198 2935 ροῦσι,
214 2849 426 2934 διαπρίειν
446 2850 485 2937 τῇ
503 2842 681 2933 τραχύτητι
704 2850 770 2929 καὶ
793 2849 1043 2916 διακόπτειν.

182 2951 286 3032 ltaque
307 2949 464 3012 artificium
489 2949 570 3011 idem
596 2950 674 3030 apud
689 2949 894 3025 Plutarchum,
923 2951 981 3013 nisi
996 2951 1074 3031 quod
1098 2968 1160 3012 non
1186 2951 1242 3012 sibi

94 3050 163 3130 ipsi,
185 3049 238 3112 sed
263 3050 348 3113 fratri
373 3068 460 3130 opem
486 3048 545 3110 fert
570 3047 683 3109 anthias
709 3067 807 3129 neque
828 3049 895 3111 ideo
918 3056 952 3111 ut
973 3049 1032 3111 lina
1054 3057 1134 3111 secet
1155 3066 1242 3110 verso

95 3165 222 3228 corpore
243 3149 370 3230 supinus
391 3156 495 3210 natare
517 3146 574 3209 dici
595 3153 705 3226 potest.

157 3304 159 3309 .
183 3245 243 3316 Sed
262 3254 401 3312 accurate
418 3246 504 3307 idem
527 3252 615 3324 atque
642 3244 762 3306 Ovidius
786 3244 940 3324 Oppianus
965 3244 1076 3325 recepit
1102 3244 1153 3324 qui
1180 3261 1242 3305 non

95 3341 177 3407 inter
197 3344 355 3419 sollertiae,
378 3345 431 3406 sed
452 3344 485 3405 in
504 3352 626 3423 captura
647 3343 774 3423 piscium
793 3343 830 3403 de
851 3342 950 3404 anthia
970 3343 1075 3404 eadem
1097 3341 1241 3404 brevitate

91 3460 156 3520 ,qua
178 3440 302 3504 Ovidius
323 3445 398 3507 haec
418 3443 522 3506 inserit
538 3442 577 3503 lll
592 3461 617 3503 v.
635 3440 696 3503 333
709 3461 770 3523 sq.:

198 3551 349 3616 Πολλάκι
371 3544 404 3616 θ’
430 3549 621 3636 ὀξάπρωρον
643 3549 727 3636 ὑπὲρ
751 3549 847 3635 ῥάχιν
870 3548 989 3634 ἔτμαγε
1011 3548 1125 3635 θάψας

198 3642 331 3735 θρμιήν,
349 3647 424 3715 ’θττὸ
446 3649 479 3714 θ’
503 3647 560 3737 ἦξε
579 3650 690 3715 λιπών
710 3649 804 3715 κενὸν
827 3646 1020 3734 ἀγρεντῆρα.

96 3763 200 3843 ltaque
215 3763 306 3843 piscis
322 3764 433 3826 lineam
449 3782 539 3844 quam
555 3765 619 3844 ipse
635 3764 804 3826 admorsam
819 3771 903 3824 tenet
919 3761 1065 3846 (θάψας)
1086 3764 1244 3843 imponens

96 3863 129 3923 in
143 3869 227 3924 acuta
249 3880 302 3924 sua
324 3861 408 3943 spina
430 3863 563 3925 dissecat.
594 3864 694 3943 lpsum
716 3857 830 3945 θάψας
852 3861 924 3923 illud
945 3860 1068 3924 Ovidius
1093 3863 1182 3924 falsus
1205 3862 1244 3923 ita

97 3960 243 4040 expressit
264 3968 300 4023 ut
320 3962 414 4043 fisum
434 3962 555 4024 hamum
571 3981 636 4023 esse
651 3961 771 4023 diceret.
801 3960 833 4021 ld
849 3977 917 4021 vero
934 3979 992 4041 quo
1009 3961 1158 4042 discrepat
1172 3960 1245 4021 Plu-

96 4059 216 4120 tarchus
239 4077 299 4140 quo
320 4067 408 4139 pacto
424 4057 603 4141 explicabis?
629 4047 709 4122 Duae
732 4057 865 4122 videlieet
886 4058 922 4118 de
943 4058 1043 4120 anthia
1062 4058 1093 4120 in
1109 4059 1244 4137 exemplo

96 4156 251 4218 communi
280 4148 401 4221 fabellae
431 4159 620 4232 exstiterant,
649 4177 777 4238 quarum
806 4158 836 4219 in
866 4158 956 4219 altera
987 4157 1127 4219 calliditas
1154 4157 1244 4236 piscis
1290 4216 1292 4221 .

101 4255 253 4335 quomodo
270 4254 329 4335 ipsi
338 4244 508 4336 prodesset,
523 4258 555 4319 in
579 4257 668 4319 altera
691 4246 841 4337 quomodo
857 4255 989 4336 piscibus
1006 4256 1092 4318 sociis
1110 4273 1244 4336 expone-

97 4351 193 4413 hatur.
236 4353 322 4426 Quod
344 4370 521 4434 persuasum
543 4355 796 4417 habebis-ultimo
818 4356 884 4417 loeo
910 4355 947 4417 iis
969 4355 1144 4418 examinatis
1168 4373 1244 4436 quae

98 4452 135 4514 de
150 4471 234 4516 scaro
249 4455 330 4535 pisce
351 4457 460 4538 scripta
475 4456 651 4538 produntur.
683 4457 799 4519 Adnoto
822 4464 922 4520 autern
938 4456 1068 4519 Plinium
1092 4455 1129 4518 de
1144 4455 1245 4518 anthia
