2902 5040
609 310 826 373 ..11-

151 500 344 562 antecessisse
364 501 397 560 in
420 500 590 578 cynegetico
613 498 688 558 libro
711 516 867 559 excursum
891 505 942 558 aut
965 497 1000 558 de
1023 498 1152 577 piscibus
1182 505 1233 558 aut
1255 497 1291 557 de

149 599 252 661 avibus
280 633 322 642 -
356 617 424 660 cum
452 605 553 659 tamen
583 614 738 659 excurrere
767 605 871 676 poetae
900 597 1124 658 concedendum
1154 615 1215 657 non
1243 596 1291 657 sit.

150 698 336 758 Concedatur
361 715 512 758 excursus.
567 696 604 757 Et
635 697 774 757 nolumus
804 695 925 775 quidem
955 695 1013 755 iam
1042 695 1090 755 hic
1118 696 1291 756 memoriam

149 796 259 857 inicere
281 795 450 856 Plutarchei
471 794 537 855 libri
560 795 596 854 de
619 795 748 855 sollertia
771 793 940 855 animalium
965 793 1122 872 conscripti
1152 792 1187 853 de
1210 793 1292 855 cuius

150 894 239 957 simili
256 901 335 955 statu
351 893 609 955 sermocinandum
624 894 699 953 inlra
714 900 768 953 est.
793 892 850 953 Sed
864 892 1086 971 dispositionem
1099 892 1189 970 ipsam
1204 893 1291 952 modo

149 1001 261 1072 reputa.
277 992 490 1071 Fragmentum
501 1011 565 1052 esse
578 1000 809 1053 consentaneum
822 998 875 1061 est,
888 999 1120 1052 consentaneum
1133 990 1203 1052 item
1216 1010 1292 1070 quo-

148 1091 228 1152 niam
239 1108 345 1151 rerum
359 1091 476 1152 titulum
490 1090 603 1150 Plinius
615 1097 750 1164 testatur,
766 1089 936 1170 piscandi
952 1096 1046 1149 artem
1058 1108 1094 1149 eo
1105 1089 1192 1149 scribi
1204 1108 1292 1169 coep-

149 1199 208 1251 tam
231 1209 306 1250 esse.
339 1189 397 1250 Sed
413 1191 484 1251 haec
506 1208 545 1250 ne
563 1189 717 1267 attingitur
733 1189 852 1269 quidem
868 1189 898 1249 in
921 1188 1099 1267 fragmento,
1123 1196 1292 1249 secuturam

150 1306 212 1349 cam
236 1287 330 1349 luisse
351 1287 499 1349 indicatur
520 1307 546 1347 v.
570 1286 610 1348 83
634 1306 699 1367 sqq.
744 1288 847 1367 ltaque
871 1306 965 1348 unum
989 1288 1091 1348 saltem
1119 1287 1226 1347 librum
1248 1287 1294 1348 vel

150 1387 338 1448 hexametros
359 1387 421 1447 fero
444 1385 506 1447 800
530 1386 648 1447 molitus
665 1405 729 1447 esse
753 1394 836 1466 poeta
861 1386 1003 1446 dicendus
1026 1392 1078 1447 est.
1129 1385 1163 1445 ln
1186 1386 1294 1465 quibus

150 1502 201 1545 cur
225 1501 290 1545 non
312 1503 365 1565 per
389 1484 427 1546 30
450 1503 553 1546 versus
576 1504 683 1564 augere
706 1485 830 1565 piscium
853 1485 955 1546 laudes
979 1484 1162 1545 terrestrium
1178 1484 1294 1564 vitupo-

150 1582 316 1644 rationihus
343 1583 458 1644 licuerit
484 1583 595 1644 frustra
619 1602 750 1662 quaeras.
796 1583 880 1644 Certe
909 1583 1059 1662 Oppianus
1089 1583 1120 1644 in
1144 1583 1207 1643 llal.
1230 1583 1248 1642 l.
1272 1584 1294 1643 V

151 1681 272 1742 exordio
308 1685 345 1757 (v.
378 1680 416 1741 12
447 1684 523 1760 sqq.)
563 1699 616 1761 por
642 1701 747 1743 versus
781 1680 821 1741 29
850 1681 956 1743 transit
984 1682 1019 1742 ad
1047 1682 1164 1742 leonem
1191 1699 1294 1742 ursum

151 1780 338 1858 elephantem
366 1788 399 1840 ut
425 1780 580 1859 grandiora
614 1780 817 1860 ferocioraque
850 1780 1040 1841 terrestribus
1070 1779 1207 1858 aquatilia
1230 1799 1295 1840 osse

151 1886 295 1958 exponat3
334 1878 412 1938 idem
442 1877 474 1938 in
497 1877 515 1937 l.
537 1879 548 1939 l
571 1898 596 1938 v.
623 1877 757 1939 12-27
791 1886 963 1940 montanam
997 1886 1079 1940 curat
1106 1879 1294 1939 venationem

151 1995 237 2056 apros
272 1993 358 2037 ursos
394 1994 560 2056 canumque
580 1977 752 2051 'auxilium3
790 1985 892 2037 contra
929 1978 978 2056 qui
1012 1976 1164 2055 scripsisse
1199 1976 1296 2038 fertur

151 2075 318 2156 cynegetica
339 2095 365 2135 v.
389 2075 429 2136 49
453 2094 517 2155 sqq.
541 2077 636 2138 aeriae
657 2077 757 2154 potius
781 2085 811 2137 et
841 2075 972 2137 marinae
1006 2076 1153 2137 venationi
1175 2075 1294 2153 triginta

151 2182 245 2235 metra
267 2174 421 2234 concessit.
468 2173 526 2235 Sed
546 2175 579 2235 in
601 2192 676 2254 aqua
699 2193 737 2235 ne
760 2174 897 2245 scribam,
921 2174 997 2234 eddo
1024 2174 1103 2235 unde
1135 2192 1295 2253 cognoscas

152 2292 240 2352 quam
269 2273 457 2350 neglegenter
492 2272 547 2349 legi
582 2273 705 2333 latinum
733 2272 932 2350 fragmentum
960 2272 1057 2333 adhuc
1091 2272 1209 2334 solitum
1247 2273 1295 2333 sit.

151 2370 269 2432 Etenim
291 2370 455 2450 posteriore
476 2378 559 2449 parte
582 2389 724 2432 excursus
746 2379 807 2432 tarn
829 2379 891 2431 arte
920 2389 987 2431 cum
1011 2371 1203 2450 sequentibus
1227 2392 1295 2433 coa-

152 2469 214 2540 luit,
237 2476 271 2530 ut
287 2468 409 2528 evellere
422 2486 489 2529 eum
505 2468 644 2529 barbarae
659 2469 813 2530 violentiae
829 2476 917 2530 esset.
941 2468 1060 2546 Legitur
1075 2488 1102 2529 v.
1119 2468 1159 2530 83
1175 2490 1240 2551 sqq.

251 2567 312 2628 Nec
334 2576 433 2627 tamen
455 2567 487 2627 in
511 2567 622 2628 modies
645 2567 739 2646 pelagi
760 2576 791 2627 te
814 2585 934 2645 pergere
956 2568 1042 2628 sedes

252 2665 436 2734 Admoneam
460 2665 593 2744 vastique
616 2665 707 2725 maris
730 2674 877 2744 temptare
900 2665 1094 2743 profundum.

252 2764 355 2824 luter
375 2769 582 2841 utrumque
604 2764 660 2825 loci
684 2763 788 2824 melius
812 2763 1003 2824 moderabere
1030 2765 1130 2824 linem.

153 2861 255 2941 ltaque
289 2860 359 2940 quid
392 2861 431 2930 sit
464 2861 574 2939 cogites
607 2860 678 2923 illud
713 2865 787 2923 inter
818 2873 971 2941 utrumque
1008 2881 1066 2942 quo
1101 2863 1208 2924 ducere
1242 2882 1297 2925 nos

152 2968 238 3039 poeta
273 2958 343 3019 vult.
403 2959 447 3018 An
481 2976 586 3038 aquam
619 2960 698 3021 inter
732 2967 761 3020 et
794 2957 931 3021 caelum?
986 2961 1044 3021 Sed
1074 2961 1109 3021 ad
1138 2979 1206 3021 eves
1234 2979 1295 3022 non

154 3057 263 3119 scribit.
309 3056 485 3135 Desperabis
509 3076 545 3117 ex
562 3058 692 3119 carmine
715 3058 792 3120 sicut
812 3048 941 3118 ¹traditur
962 3065 1095 3137 paratum
1117 3075 1296 3137 responsum

155 3157 240 3229 dare,
271 3155 412 3233 quoniam
441 3163 557 3234 praeter
588 3175 669 3217 mare
699 3157 771 3217 nihil
802 3164 1068 3218 commemoratum
1096 3163 1171 3227 erat,
1199 3175 1297 3236 neque

154 3273 186 3314 eo
214 3253 357 3314 nimirum
390 3262 602 3331 praeparantur
630 3252 815 3334 insequentia
845 3253 895 3315 ubi
926 3255 1049 3333 insuper
1076 3273 1138 3314 non
1160 3254 1296 3333 bipartita

153 3371 200 3413 res
229 3360 276 3412 est
306 3351 358 3411 sed
379 3351 541 3430 tripartita:
566 3369 639 3413 num
670 3372 771 3434 aspera
794 3352 881 3425 saxis,
904 3371 976 3414 num
1000 3371 1103 3423 mons,
1127 3371 1199 3413 num
1225 3354 1298 3414 vada

153 3451 253 3513 herbis
292 3449 453 3510 viridantia.
511 3450 570 3511 Sed
600 3452 680 3511 enim
710 3453 858 3530 praeclare
884 3456 959 3512 ubter
991 3461 1143 3530 utrumque
1172 3450 1298 3532 opponi-

155 3550 236 3610 nitur
268 3547 333 3609 altis
366 3547 412 3607 vel
441 3549 543 3609 mediis
573 3550 666 3628 pelagi
696 3551 815 3610 sedibus
843 3554 881 3623 (v.
912 3549 981 3627 83);
1010 3550 1109 3630 itaque
1139 3549 1218 3610 idem
1253 3556 1298 3610 est

155 3656 242 3727 atque
276 3663 370 3725 prope
403 3645 489 3720 litus,
535 3647 591 3708 hoc
624 3655 671 3708 est
708 3648 740 3707 ni
777 3648 860 3709 fallor
893 3649 971 3709 inter
1003 3667 1084 3709 mare
1118 3657 1147 3709 et
1179 3654 1297 3708 terram.

155 3746 302 3807 Feliciter.
338 3740 447 3804 Amant
469 3745 549 3806 enim
571 3764 642 3807 sane
664 3747 825 3826 piscatores
848 3747 936 3808 etiarn
958 3747 1052 3808 nostri
1075 3747 1167 3807 altum
1190 3745 1299 3807 evitare

156 3852 207 3906 aut
230 3842 366 3923 cymbam
390 3842 532 3904 ducentes
566 3843 672 3925 χῶρον
693 3838 726 3916 ἐς
760 3840 918 3926 εὓρύαλόν
944 3864 980 3904 τε
1007 3842 1062 3905 καὶ
1091 3841 1186 3905 εὔδια
1215 3864 1298 3925 πορ-

157 3940 303 4026 φύροντα
319 3947 370 4001 uui
385 3941 548 4029 πέτρῃσιν
563 3939 764 4026 ἒφῄμεμενοι
788 3935 1001 4020 ἄγχιάλοισις
1022 3962 1090 4004 nam
1112 3943 1206 4022 pisces
1222 3941 1298 4003 ἐπι-

156 4043 264 4118 γείους
287 4038 424 4100 mehores
448 4058 513 4100 esse
535 4041 595 4102 iam
618 4041 788 4103 Aristoteles
812 4042 881 4101 olim
902 4046 967 4102 fuse
990 4041 1192 4122 explicaverat.
1236 4042 1298 4101 lam

157 4158 225 4201 vero
258 4146 356 4198 terrae
390 4138 501 4198 mentio
538 4148 605 4199 ante
638 4143 713 4201 iuter
745 4151 897 4219 tetrumque
937 4141 1010 4200 adeo
1045 4140 1229 4201 desideratur
1266 4149 1299 4199 ut

158 4238 301 4300 excidisse
324 4253 387 4297 enm
416 4246 564 4316 appareat,
588 4249 617 4301 et
645 4241 764 4320 quidem
788 4247 856 4319 post
877 4259 901 4300 v.
925 4239 975 4300 81.
1025 4240 1206 4311 Quaeramus
1221 4238 1300 4298 hinc

159 4339 222 4418 ipse
243 4353 345 4397 versus
375 4331 416 4394 82
446 4336 585 4415 quidnam
612 4340 770 4418 significet:

258 4434 366 4497 Noster
387 4440 417 4500 in
441 4445 503 4498 arte
524 4436 605 4498 labor
629 4438 753 4516 positus,
776 4455 844 4517 spes
867 4437 965 4498 omnis
987 4435 1018 4497 in
1041 4435 1098 4495 illa.
