2902 5040
672 305 892 374 ..ssg..

211 483 402 572 οὗλόθυμος
413 489 558 568 Hesychi).
582 488 731 549 Aristaeus
747 505 816 548 vero
832 489 906 549 deus
922 485 953 546 in
968 480 1141 565 cynegetiois
1157 477 1280 545 addictis
1293 477 1355 562 Op-

211 591 301 670 piano
324 590 357 650 ad
380 587 564 649 venationem
582 586 682 648 minus
705 586 841 666 pertinet,
863 586 913 646 sed
935 584 1043 664 legitur
1064 584 1100 645 de
1121 601 1155 644 eo
1171 582 1207 642 lV
1222 580 1355 662 tuusq:

212 687 341 770 πρῶτος
364 687 544 768 ποιμένων
581 681 752 765 ὶδρύσατο,
784 682 914 764 πρῶτος
947 677 1071 755 ἐκεῖνος
1105 677 1254 763 καρποὺς
1278 700 1357 761 eqs.;

210 786 302 847 nihilo
325 785 417 846 setius
439 784 573 845 venatico
599 784 684 846 alicui
711 783 834 845 carmini
859 783 1048 844 inventorem
1074 778 1245 861 pedicarum
1273 778 1358 841 dabis

212 884 312 946 Gratio
335 883 464 945 maxime
485 883 516 943 in
530 883 792 962 'comparationem
818 890 927 943 vocato.
966 882 1056 943 Cuius
1079 879 1166 941 verba
1189 877 1358 959 quaesunt

211 1002 238 1044 v.
254 982 294 1043 92
310 1001 375 1063 sqq.
398 982 485 1062 paulo
508 982 709 1043 emendatiora
729 980 932 1043 adscribemus
955 980 1010 1042 ita:

313 1090 412 1167 Quid?
436 1093 486 1174 qui
507 1093 643 1156 dentatas
667 1095 756 1173 iligno
776 1094 883 1154 robore
903 1092 1009 1154 clausit

314 1194 442 1254 Venator
462 1191 580 1272 pedicas
603 1211 683 1280 cum
704 1191 959 1254 dissimulantibus
980 1189 1070 1251 armis

116 1343 120 1354 .
209 1304 212 1308 ⁴
315 1291 409 1371 Saepe
431 1291 520 1353 babet
542 1291 704 1370 inprudens
724 1290 811 1354 alieni
831 1292 912 1353 lucra
932 1289 1050 1351 laboris.

214 1417 447 1495 (Dissimulantia
468 1436 549 1480 arma
568 1418 689 1498 pedicae
713 1427 799 1494 sunt3
828 1436 895 1479 cum
922 1417 967 1478 his
987 1422 1109 1477 venator
1136 1413 1225 1475 etiam
1252 1405 1359 1493 inpru-

208 1517 287 1603 dens
310 1535 397 1601 saepe
416 1516 497 1578 lucra
517 1514 616 1590 habet,
639 1535 714 1598 quae
733 1515 825 1578 labori
846 1515 942 1577 alieno
966 1514 1024 1575 hoc
1046 1521 1091 1576 est
1113 1507 1285 1594 peditarum
1308 1512 1359 1574 in.-

214 1613 519 1695 ventoriydebentur).

313 1727 338 1788 0
360 1726 431 1788 felix
451 1725 542 1789 tantis
564 1719 653 1804 quem
676 1728 808 1807 primurn
830 1724 976 1789 industria
995 1724 1085 1787 rebus
1122 1774 1125 1778 .
1153 1801 1156 1809 ,

315 1826 449 1887 Prodidit
468 1823 637 1887 auctorem!
669 1823 748 1887 Deus
770 1825 821 1886 illa
841 1841 879 1885 an
898 1842 1044 1904 proxuma
1063 1822 1133 1913 divo,¹
1244 1854 1247 1859 ·

315 1925 397 1987 blens
419 1923 483 1995 fuit
506 1923 538 1985 in
559 1941 658 1984 caecas
680 1924 774 1986 aciem
796 1942 871 2003 qnae
892 1941 998 2002 magna
1018 1920 1157 1983 tenebras

314 2020 381 2103 Egit
401 2031 430 2083 et
451 2023 586 2102 ignarum
608 2023 739 2102 perfudit
759 2021 874 2084 lumine
894 2018 1022 2100 vulgus?

214 2135 308 2197 Habes
324 2135 413 2215 igitur
428 2134 476 2195 hic
490 2153 607 2215 quoque
623 2135 712 2195 deum
729 2136 774 2195 vel
789 2133 952 2197 semideum
979 2132 1029 2213 qui
1050 2131 1192 2212 primus
1213 2129 1360 2211 pedicas

214 2235 348 2301 dentatas
371 2233 487 2311 iligno
507 2233 646 2294 robore
669 2233 856 2294 clauserit.
894 2232 1036 2294 Similiter
1058 2231 1201 2307 nonnulla
1224 2229 1302 2306 diota
1324 2229 1361 2291 de

216 2331 352 2394 Aristaeo
379 2331 457 2411 apud
484 2330 644 2417 Vergilium
672 2330 776 2409 Georg.
793 2329 921 2393 1V283:
953 2329 1071 2392 Arcadii
1095 2328 1285 2391 memoranda
1314 2330 1363 2388 ia-

185 2440 299 2495 .ocata
325 2433 456 2513 maqbtri
477 2436 507 2490 et
523 2429 600 2490 315:
629 2426 700 2503 Quis
723 2429 895 2500 deusdona,
925 2428 1034 2500 Musae,
1064 2431 1126 2509 quis
1148 2429 1227 2490 aubis
1249 2427 1362 2500 catadit

214 2537 322 2599 artam„
338 2527 415 2590 Unde
437 2546 513 2590 aava
537 2531 682 2608 inpressas
702 2529 850 2590 bominum
871 2532 1047 2610 cooperientia
1070 2531 1139 2608 capit
1165 2534 1196 2589 et
1211 2524 1288 2601 358:
1311 2527 1362 2606 fas

208 2625 260 2687 illi
284 2626 385 2688 limina
407 2626 502 2688 diocia
526 2624 550 2687 Τ
548 2645 651 2707 auqcrc
680 2634 708 2688 et
725 2625 802 2688 322:
826 2627 981 2707 praeclara
1002 2630 1088 2706 stirpe
1114 2626 1242 2702 moram.
1286 2624 1362 2687 ltern

215 2724 328 2803 optime
364 2725 395 2785 in
431 2744 529 2788 mores
559 2725 686 2788 Aristaei
720 2726 866 2806 quadrare
896 2727 981 2788 video
1016 2745 1092 2806 quae
1122 2724 1240 2787 Gratius
1270 2722 1362 2795 babet

215 2841 241 2884 v.
261 2822 319 2884 103
332 2841 413 2904 sqq:
1297 2849 1301 2853 ’

415 2935 493 2998 Haut
514 2936 564 2999 illo
587 2935 744 3017 quisquam
766 2955 798 2998 se
820 2936 927 2999 iustior
949 2937 1011 3016 egit

298 3034 375 3096 vdiat
394 3033 506 3104 fuitin
527 3035 614 3097 terris
635 3035 736 3097 divum
757 3034 963 3097 observantior
983 3035 1074 3097 alter:
1153 3049 1176 3087 .·
1220 3113 1223 3119 ,

314 3132 391 3210 Ergo
413 3133 497 3194 illum
519 3134 624 3213 primis
646 3153 805 3196 nemorum
829 3135 883 3196 dea
904 3133 990 3195 tinxit
1007 3133 1044 3194 :in
1064 3131 1155 3193 armis
1246 3192 1248 3196 ,
1321 3162 1332 3198 ·.

315 3230 534 3312 Auctoremque
558 3233 640 3312 operi
664 3235 782 3312 dignata
804 3232 862 3313 (vel
885 3229 1039 3313 dipacati)
1054 3228 1219 3293 inscribere
1237 3244 1345 3309 magno

315 3327 406 3391 lussit
427 3329 508 3390 adire
530 3348 599 3394 suas
623 3340 652 3392 et
675 3331 803 3411 pandere
825 3331 962 3409 gentibus
984 3337 1072 3394 artes.
1118 3365 1121 3368 >
1231 3382 1234 3389 .

214 3439 327 3500 'lamen
353 3439 451 3518 ipsum
479 3442 565 3504 huius
592 3443 860 3505 auctorisnomen
887 3443 1020 3507 Gratiam
1047 3456 1281 3504 commemorare
1308 3436 1363 3509 de-

202 3537 314 3601 buisse
352 3555 414 3600 non
445 3540 531 3603 dicas.
578 3541 638 3602 lam
669 3561 737 3603 vero
764 3539 837 3604 mira
866 3542 1022 3604 difficultas
1052 3541 1125 3602 haec
1146 3539 1229 3620 ‘qaod
1259 3545 1363 3598 tamen

215 3638 460 3699 commemoravit
480 3639 527 3701 ille
547 3657 659 3702 nomen
680 3639 730 3703 sed
747 3637 823 3703 aliud
840 3641 948 3723 potius,
971 3639 1128 3719 Deceptus:
1151 3655 1241 3718 quem
1262 3636 1361 3698 locum

209 3754 286 3798 ⁴sane
309 3755 397 3816 quarn
418 3739 493 3800 male
513 3737 661 3819 Hauptius
683 3758 802 3820 quoque
825 3740 918 3802 edidit
932 3759 957 3800 v.
974 3736 1015 3800 99
1026 3757 1108 3818 sqq:
1150 3757 1153 3761 ’

235 3865 238 3872 “
315 3849 367 3912 Dic
388 3869 441 3930 age
464 3833 561 3912 Pierio
584 3851 640 3930 (ias
668 3854 735 3928 est),
759 3851 858 3926 Diana,
881 3851 1058 3936 ministro:-⁴

315 3948 472 4011 Arcadium
495 3957 554 4012 stat
573 3949 652 4011 fama
675 3966 786 4023 senem,
809 3969 898 4030 quem
920 3949 1070 4012 Maenalus
1092 3948 1170 4011 altor

315 4048 352 4108 Et
374 4047 621 4110 Lacedaemoniae
644 4049 774 4128 primum
796 4048 910 4111 vidistis
932 4049 1070 4137 Amyclae
1131 4094 1134 4102 .

316 4145 372 4208 Per
396 4164 459 4208 non
482 4146 618 4210 adsuetas
641 4156 803 4255 metantem
825 4148 900 4212 retia
925 4149 1011 4212 valles

315 4245 469 4337 Dercylon.

208 4347 294 4431 'Qut
288 4359 371 4429 enim
388 4375 456 4430 cum
477 4367 533 4452 stat
551 4360 638 4438 fama
651 4328 786 4422 construi
798 4366 916 4440 poterat
931 4347 1031 4421 merus
1047 4328 1229 4431 accusativus
1244 4349 1363 4445 sturmi)

215 4454 281 4529 Qui
298 4458 371 4538 poni
397 4443 441 4520 dac
464 4446 515 4537 aqc
540 4457 604 4519 sine
627 4457 689 4521 ullo
717 4457 823 4521 obiecti
849 4447 981 4520 indicio?
1014 4456 1118 4536 Neque
1150 4453 1222 4518 illud
1247 4453 1297 4534 fas
1323 4446 1364 4515 att
