2902 5040
549 317 791 382 -131-

96 492 229 554 locorum
241 499 345 555 natura
357 492 434 573 apud
447 512 515 556 eum
528 492 678 555 divisionis
690 491 869 573 principium
882 489 1003 554 luerat?
1017 492 1086 555 Ideo
1098 492 1233 556 nomina·

95 589 205 662 tivum,
236 610 296 653 non
325 592 521 654 accusativum
552 592 687 672 posuisse
716 591 850 654 videatur
880 590 964 655 cuius
993 591 1117 654 verbum
1145 592 1235 656 luerit

95 689 274 768 τέρπονται
288 693 392 771 (supra
407 710 436 771 p.
455 690 527 766 106)
554 691 600 754 vel
619 690 723 752 simile.
765 690 819 753 Cui
832 688 993 770 suspicioni
1008 690 1191 753 accusativus
1204 689 1235 752 in

96 787 190 848 altero
205 786 270 850 loco
282 789 405 851 minime
420 789 505 857 obest
516 808 575 870 quo
588 789 698 853 iterum
710 789 819 852 rariora
831 788 952 852 nomina
962 795 1048 868 poeta
1060 797 1143 851 curat
1157 788 1236 869 apud

96 885 255 964 piscatores
276 887 403 950 maxime
417 888 559 951 valentia:
573 888 621 950 cita
636 887 806 950 Athenaeus
821 885 882 949 305
895 887 930 952 C:
959 882 1152 969 Παγκράτης
1167 879 1200 949 δ’
1217 878 1235 948 ὁ

92 978 209 1065 Ἀρκὰς
244 981 279 1048 δν
308 982 438 1070 Ἔργοις
468 985 663 1060 θαλαττίοις
693 983 752 1068 την
777 984 892 1069 κίχλην
928 981 1102 1057 πολλοῖς
1145 979 1236 1048 ὀνό-

96 1084 200 1162 μασί
226 1100 310 1166 φησι
332 1081 558 1147 καλεῖσθαι

198 1189 247 1257 ol'
269 1188 290 1278 ἦ
312 1193 353 1280 δη
376 1193 490 1280 κίχλην
512 1190 653 1260 ολνιίδεα
674 1193 732 1280 τὴν
753 1195 918 1282 καλαμῆες

200 1294 323 1376 σαῦρον
345 1292 556 1380 κικλήσκουσι
579 1294 635 1358 καὶ
657 1293 792 1378 αἰολίην
813 1290 975 1380 ὀρφίσκον

164 1427 165 1430 ¹
199 1389 360 1457 πιότατον
381 1394 508 1481 κεφαλῇ
515 1416 523 1469 3

98 1532 166 1578 nam
183 1513 297 1601 κίχλην
310 1519 397 1599 plano
409 1519 557 1601 pendebat
572 1539 587 1582 a
603 1517 715 1583 καλεῖν
729 1519 819 1582 verbo
830 1519 1011 1601 reposuiquc
1026 1515 1084 1582 οία
1097 1521 1237 1600 qu'oniam

98 1630 198 1695 neque
223 1613 274 1689 οίς
299 1613 360 1700 ἤδη
383 1618 527 1680 librorum
554 1618 641 1680 habet
668 1637 726 1698 quo
751 1618 913 1699 explicetur
928 1612 1025 1699 neque
1041 1618 1145 1698 Berghi
1170 1614 1237 1682 olo'

98 1709 160 1794 ἤδη
175 1714 210 1776 ad
226 1725 433 1794 argumentum
450 1727 552 1798 aptum
564 1726 617 1780 est.
643 1717 711 1779 Fuit
725 1725 824 1781 autem
841 1717 890 1780 ubi
905 1717 1032 1799 scriptor
1047 1716 1240 1781 enumerandi

99 1829 222 1873 munere
238 1814 339 1876 rehcto
367 1816 505 1878 etiamad
528 1816 642 1878 fabulas
666 1816 802 1878 dicendas
825 1826 1009 1896 evagaretur:
1038 1834 1105 1878 nam
1132 1815 1182 1878 ubi
1209 1815 1239 1877 in

100 1911 223 1991 pompili
240 1911 343 1974 incidit
360 1915 540 1977 mentionem
556 1915 653 1977 verbis
669 1912 743 1992 (283
756 1915 810 1990 Aia

201 2036 374 2120 πομπίλος
396 2033 434 2104 ὃν
456 2034 631 2104 καλέουσιν
653 2035 812 2101 ἁλίπλοοι
837 2032 925 2120 ἱερὸν
948 2034 1061 2117 ἰχθύν,

100 2183 218 2228 sacrum
233 2186 332 2230 revera
348 2170 460 2250 piscem
481 2189 546 2232 esse
562 2169 673 2250 Epopei
696 2169 824 2231 manime
838 2167 899 2230 fato
914 2168 1050 2230 firmabat
1064 2169 1174 2249 qnippe
1189 2168 1240 2248 qui

100 2284 168 2328 cum
195 2267 322 2346 cepisset
349 2268 518 2347 edissetque
544 2269 707 2349 pompilum
735 2267 810 2329 male
832 2266 967 2347 periisset
988 2268 1171 2347 addebatque
1193 2267 1239 2327 his

100 2365 222 2427 similia:
250 2385 323 2446 quae
349 2376 450 2429 tamen
472 2368 507 2430 ab
530 2387 564 2429 eo
592 2368 701 2448 scripta
717 2384 778 2428 non
794 2376 866 2430 sunt
882 2375 914 2429 ut
930 2374 1051 2430 naturas
1067 2367 1240 2434 animalium

100 2464 245 2542 panderet
269 2466 304 2526 ad
331 2466 555 2529 similitudinem
573 2466 709 2550 Oppiani,
732 2467 783 2529 sed
805 2474 962 2548 postquam
984 2468 1129 2548 plurimos
1146 2466 1240 2547 pisces

100 2564 166 2642 capi
201 2563 288 2626 iussit
314 2564 373 2626 iam
398 2565 480 2627 huuc
500 2585 595 2633 unum
621 2569 760 2648 assequi
782 2585 847 2630 non
876 2575 1030 2648 caperetur
1057 2565 1241 2648 argumentis

99 2661 214 2725 idoneis
237 2663 395 2726 muniebat.

188 2762 273 2836 Quod
291 2763 439 2843 reliquum
455 2770 500 2824 cst
515 2763 666 2826 silentium
682 2772 736 2826 est.
767 2764 869 2843 Neque
883 2763 964 2827 onim
985 2764 1022 2826 de
1036 2762 1243 2826 Posidonio

101 2859 253 2924 Corinthio
273 2860 434 2942 quidquam
456 2868 571 2924 constat
591 2862 648 2925 nisi
669 2862 818 2942 aliquanto
840 2863 963 2942 propius
977 2881 1049 2926 eum
1065 2880 1153 2943 quam
1170 2861 1243 2924 reli-

101 2977 176 3040 quos
202 2959 337 3022 eiusdem
358 2960 528 3039 argumenti
542 2967 645 3040 poetas
660 2960 697 3022 ab
713 2960 839 3042 Oppiani
861 2968 958 3024 aetate
973 2947 1108 3025 abluisse.
1151 2960 1243 3022 Acce·

50 3130 52 3133 ¹
102 3057 177 3119 dunt
202 3059 279 3138 apud
301 3058 485 3121 Athenaeum
512 3059 562 3139 qui
582 3059 619 3120 de
644 3059 776 3140 piscibus
805 3052 1034 3142 καταλογάδην
1063 3069 1092 3122 et
1121 3057 1242 3140 quidem

102 3157 234 3219 oratione
264 3175 350 3237 prosa
378 3157 552 3238 scripserint
589 3157 776 3221 Seleucus
805 3158 960 3221 Tarsensis
989 3165 1020 3220 et
1054 3156 1242 3220 Leonidas

101 3254 266 3335 Byzantius.
324 3257 422 3336 Atque
459 3255 619 3318 Leonidam
656 3274 715 3321 una
754 3275 824 3320 cum
860 3266 944 3338 patre
981 3276 1035 3318 suo
1072 3255 1241 3319 Metrodoro

101 3353 240 3433 Byzantio
265 3354 330 3417 τῶν
352 3352 387 3418 ἒν
412 3346 635 3438 ὑδροδηρίαις
657 3340 776 3420 δεινῶν
803 3375 869 3419 esse
893 3356 1031 3421 Aelianus
1060 3355 1180 3418 tradidit
1209 3355 1242 3416 in

101 3451 246 3516 hbrorum
273 3453 309 3515 de
332 3453 507 3516 animalibus
533 3452 672 3534 epilogo‚·
686 3455 873 3536 sumpsitque
893 3475 928 3518 ex
954 3474 989 3516 eo
1016 3473 1146 3518 resnou
1179 3462 1242 3516 mm

102 3551 201 3614 doctas
228 3571 317 3633 quam
342 3552 487 3614 iucundas
508 3552 544 3615 de
560 3552 697 3632 delphine
711 3552 737 3614 tt
752 3554 781 3624 6,
808 3554 844 3616 de
864 3553 1014 3634 pastinaca
1030 3554 1131 3617 nociva
1147 3554 1173 3615 ll
1189 3553 1241 3625 50,

103 3651 138 3712 de
164 3651 238 3714 mira
263 3651 355 3730 ignoti
375 3651 525 3714 cuiusdam
547 3651 635 3731 piscis
650 3659 755 3715 natura
769 3651 809 3715 lll
828 3651 882 3729 183
909 3653 960 3716 sed
987 3654 1074 3716 etiam
1102 3654 1139 3714 de
1165 3651 1241 3713 escis
1323 3657 1324 3663 ’

103 3758 257 3829 praecepta
277 3749 329 3810 llll
350 3751 400 3812 42.
440 3750 585 3813 Athenaei
610 3759 743 3813 auctores
769 3769 831 3814 non
859 3751 950 3829 magis
966 3751 1129 3815 Leonidam
1152 3768 1240 3832 quam

103 3848 293 3911 Posidonium
317 3857 367 3910 aut
388 3847 557 3930 Oppianum
580 3859 807 3931 excerpserunt3
832 3851 988 3913 Seleucum
1010 3851 1101 3914 semel
1122 3849 1241 3927 (Athen.

103 3948 163 4013 320
175 3947 222 4027 A),
239 3948 316 4010 unde
332 3949 538 4027 cognoscimus
553 3949 688 4026 docuisse
708 3967 776 4011 eum
798 3945 835 4012 ἐν
856 3949 901 4032 τῷ
924 3945 1101 4032 ἁλιευτικῷ
1121 3964 1240 4009 scarum

102 4064 168 4108 esse
182 4046 367 4122 insomnom;
387 4047 534 4127 praeclaro
549 4049 628 4110 enim
645 4043 684 4110 οὐ
705 4043 887 4112 καθεύδειν
908 4067 963 4128 pro
989 4049 1089 4128 inepto
1114 4042 1241 4107 sederi-

102 4142 174 4207 δειν
196 4144 396 4209 Casaubonus.
439 4146 559 4208 Accedit
584 4148 621 4209 ad
647 4147 701 4209 hos
727 4147 803 4227 apud
833 4145 955 4209 Suidam
984 4166 1009 4208 s.
1031 4164 1057 4206 v.
1090 4139 1248 4220 Κεκίλιος,

104 4243 321 4322 Agathocles
337 4245 471 4308 Atracius
487 4247 659 4326 ceteroquin
675 4246 859 4327 incognitum
876 4246 957 4324 quod
972 4253 1071 4307 autem
1086 4244 1240 4306 Seleucum

102 4352 219 4422 praeter
232 4342 409 4408 Tarsensem
425 4345 532 4408 Snidas
556 4346 648 4409 ctiam
667 4347 840 4408 Emisenum
855 4363 879 4405 s.
897 4364 923 4406 v.
939 4342 1108 4414 Σέλευκος·
1123 4339 1241 4406 exbibet
1289 4388 1295 4392 .

102 4459 201 4522 neque
216 4462 284 4505 eum
300 4444 449 4506 halieutici
463 4444 530 4508 libri
546 4446 635 4507 unius
650 4453 680 4506 et
695 4443 793 4506 soluto
808 4425 947 4509 sermone
962 4442 1064 4522 scripti
1077 4448 1240 4514 auctorem,

1048 4544 1081 4599 9*
