2902 5040
573 308 793 372 ..27-

110 490 144 550 in
169 485 416 550 antecedentibus
439 503 585 566 nusquam
609 490 770 564 comparet.
816 483 902 556 Quod
930 484 955 544 si
977 483 1170 562 probabiliter
1191 484 1255 545 loco

111 586 245 648 indicato
275 587 452 650 lacunosum
478 583 665 646 intervallum
693 581 866 654 statuimus,
901 591 931 644 31
956 582 1006 661 qni
1035 581 1098 643 eius
1126 582 1256 644 ambitus

111 685 203 748 tuerit
226 691 257 746 31
279 702 355 763 quae
377 681 514 744 materies
537 700 618 743 nnnc
644 701 706 742 non
730 689 773 742 est
797 698 856 759 quo
880 680 1086 742 diiudicemus.
1120 716 1158 722 -
1194 680 1255 742 lam

113 803 182 845 vero
205 782 297 844 trium
319 781 437 843 illorum
465 780 599 842 locorum
627 780 676 859 qui
704 778 841 859 piscatori
868 777 990 840 ultimus
1025 777 1109 839 nobis
1142 779 1256 859 primus

113 882 161 943 sit.
206 879 247 942 lta
270 880 405 959 proferre
429 897 497 940 eum
520 877 682 941 editoribus
703 875 814 957 placuit
836 880 875 952 (v.
899 876 939 937 90
953 879 1025 957 sq.):

214 1018 294 1080 Num
317 1018 389 1079 vada
411 1016 547 1079 subnatis
569 1017 630 1077 imo
652 1014 816 1107 viridantur
837 1015 872 1076 ab
895 1015 994 1077 herbis
1067 984 1071 999 ¹

216 1114 410 1195 Obiectetque
433 1134 531 1178 moras
552 1122 583 1177 et
605 1113 701 1175 mollis
724 1112 828 1174 vestiat
849 1114 920 1193 alga.

112 1265 181 1328 Non
203 1265 358 1327 credebam
384 1283 438 1345 ego
462 1265 600 1346 squidem
630 1264 778 1346 hodieque
804 1265 959 1346 hucusque
988 1265 1093 1326 llorere
1123 1263 1258 1345 interpo-

112 1364 255 1426 lationem
289 1372 341 1426 aut
372 1372 489 1426 tanturn
520 1364 616 1426 valere
649 1363 768 1425 arbitria
802 1362 976 1425 levissima..
1003 1363 1096 1441 biga
1129 1361 1257 1423 mollis

113 1461 284 1524 obiectat
307 1497 346 1507 -
370 1463 428 1523 hoc
442 1470 488 1523 est
510 1463 631 1523 affert
653 1462 698 1523 vel
720 1459 829 1524 133111
845 1495 888 1504 -
914 1478 1030 1523 moras
1052 1496 1095 1505 -
1116 1457 1259 1522 cuinam?

112 1559 241 1640 piscanti
257 1556 456 1639 33313311-
485 1568 521 1622 31
543 1560 717 1622 vestit-
741 1556 928 1640 quemnam?
951 1577 1076 1638 quaes03
1110 1559 1259 1620 iterumne

113 1655 305 1737 piscantem?
338 1676 374 1718 an
397 1654 533 1738 piscem?
564 1677 600 1719 an
623 1657 723 1738 potius
744 1654 880 1738 lapides?
913 1657 1082 1736 imaginatio
1107 1657 1260 1737 desperata

113 1755 167 1818 sed
189 1755 222 1816 in
245 1755 378 1835 margine
399 1759 525 1818 tortasse
546 1756 674 1837 scriptor
696 1755 821 1834 lapidem
846 1755 1027 1836 adpinrerat.
1072 1754 1260 1816 11333333-

113 1854 230 1915 tionem
252 1852 355 1915 saltem
374 1855 456 1915 'hanc
477 1852 601 1916 subiecti
623 1852 717 1914 mollis
739 1853 806 1934 clqc
834 1853 881 1915 vel
903 1855 1016 1933 optima
1039 1854 1098 1915 tide
1120 1853 1259 1915 traditam

113 1953 241 2015 tolerare
273 1968 335 2014 non
368 1950 514 2014 debebant
546 1951 578 2012 in
607 1952 697 2013 latino
730 1961 828 2034 poeta,
862 1952 915 2014 sed
947 1950 1105 2031 periclitari
1137 1949 1259 2012 talibus:

114 2042 252 2112 Obieetet
281 2049 471 2130 mollisque
504 2067 601 2111 moras
628 2058 658 2111 et
685 2051 790 2112 vestiat
817 2050 916 2129 alga,
950 2060 984 2113 ut
1017 2049 1261 2110 nanciscerentur

114 2148 247 2222 tandem,
269 2147 368 2212 moras
391 2148 461 2228 quid
485 2146 590 2211 1313331
612 2148 692 2227 quod
715 2148 883 2211 obiectaret.
920 2148 1055 2229 Denique
1077 2147 1260 2208 locutionem

115 2249 255 2310 3113313133
275 2263 372 2307 moras
399 2265 458 2326 quo
480 2245 634 2307 firmarent
662 2245 710 2307 vix
736 2246 877 2307 tenebant
906 2246 1083 2327 exemplum.
1127 2243 1261 2306 Tradidit

115 2343 291 2425 antiquitas:
331 2343 498 2424 oblectetque
532 2363 629 2406 333333
661 2354 687 2405 31
715 2344 798 2407 molli
833 2348 939 2407 serviat
971 2345 1061 2424 alyne.
1118 2344 1260 2423 Benigne.

114 2444 189 2505 Nam
216 2441 296 2504 istud
325 2442 463 2505 3113311333
496 2443 564 2505 lieet
591 2442 710 2504 obtrudi
736 2442 838 2505 ovidio
873 2443 920 2503 313
948 2450 1057 2523 posset,
1091 2452 1191 2504 tamen
1224 2460 1260 2502 ex

114 2541 304 2623 apertissima
331 2541 415 2602 linxit
447 2540 532 2602 Ovidi
564 2541 731 2603 imitatione
765 2541 816 2622 qui
849 2542 1007 2621 scripserat
1034 2541 1122 2603 Trist.
1152 2542 1185 2615 V,
1210 2540 1258 2614 12,

117 2644 150 2702 t:
177 2641 270 2703 studio
293 2639 431 2702 oblectare
452 2649 568 2719 tempus,
601 2657 728 2718 quocum
752 2640 865 2719 optime
893 2641 1023 2702 concinit
1051 2640 1129 2720 quod
1153 2640 1258 2700 lulium

114 2739 289 2818 Paelignum
313 2739 393 2800 iners
416 2738 511 2800 otium
534 2738 696 2800 oblectasse
712 2739 935 2800 conversatione
957 2757 1128 2801 scurrarum
1140 2737 1260 2799 Tacitus

114 2837 186 2899 dicit
211 2838 291 2907 nnn.
314 2835 376 2910 tn,
400 2835 452 2898 49.
496 2837 599 2917 ltaque
625 2836 693 2917 quia
720 2836 826 2899 tradita
858 2836 946 2899 verba
974 2856 1041 2898 csse
1069 2853 1139 2897 sana
1168 2854 1259 2898 sanus

115 2935 243 3018 quisque
264 2935 413 3014 intellegat
435 2952 557 2997 necesse
581 2943 636 3007 est,
659 2934 795 3014 sequitur
817 2934 957 2997 3113313
979 2935 1026 2996 bie
1048 2953 1168 3015 quoque
1191 2953 1259 2995 mu-

114 3034 216 3107 tilatus
237 3034 320 3096 loeus
342 3033 398 3110 sit;
419 3033 569 3096 intercidit
590 3052 703 3095 nomen
726 3035 791 3095 eius
819 3033 870 3114 qui
894 3042 925 3094 et
953 3052 1051 3097 moras
1080 3031 1208 3095 oblectet
1230 3040 1260 3095 et

114 3131 196 3212 algae
217 3130 334 3204 serviat,
355 3131 414 3192 hoc
435 3139 481 3192 est
502 3130 591 3211 piscis
613 3150 725 3193 nomen
747 3131 827 3195 inter
848 3131 920 3194 vada
944 3132 1100 3194 viridantia
1121 3132 1256 3193 viventis.

114 3218 216 3311 Atque
242 3231 315 3293 tales
342 3246 415 3295 sane
442 3230 539 3309 pisces
569 3230 641 3310 quin
664 3229 727 3290 noti
754 3229 866 3292 fuerint
897 3230 1032 3292 dubitare
1054 3231 1132 3306 noli;
1164 3248 1261 3310 neque

115 3327 197 3392 enirn
212 3316 434 3391 'documentum
455 3328 571 3391 adicere
603 3328 651 3389 hie
672 3328 768 3408 placet
789 3334 909 3408 praeter
938 3328 1034 3392 nostri
1061 3329 1155 3408 ipsius
1178 3329 1259 3407 trag·

115 3426 212 3493 menti
232 3445 258 3489 v.
285 3423 354 3500 119,
377 3425 428 3489 ubi
449 3426 575 3506 piscium
598 3427 763 3493 multorum
778 3417 960 3488 enumeratio
981 3426 1133 3489 inducitur
1147 3427 1258 3490 indice:

114 3525 236 3589 1331333
252 3526 342 3604 pusca
362 3523 508 3607 1331333133
528 3540 628 3597 creua,
650 3535 683 3587 31
696 3543 796 3588 socrate
817 3543 877 3604 eqs.
922 3524 1003 3587 13133
1023 3543 1099 3604 quos
1115 3524 1259 3588 beluones

116 3622 250 3686 marinos
271 3621 527 3686 luxuriosissimus
548 3622 642 3685 131333
664 3623 780 3686 videtur
796 3622 937 3684 cinaedus
954 3641 1044 3702 quem
1059 3619 1260 3705 θηλύφρονα

115 3728 202 3783 vocat
223 3719 376 3800 Oppianus
397 3718 461 3781 Hal.
483 3719 505 3796 1,
531 3719 599 3781 127.
646 3720 705 3783 Sed
735 3719 921 3806 intercidisse
947 3739 1064 3784 versum
1095 3723 1184 3785 etiam
1207 3724 1261 3786 hac

116 3819 265 3883 evincitur
284 3818 414 3881 ratione:
448 3817 529 3880 inv.
553 3818 593 3878 90
616 3819 782 3881 viridantur
809 3817 882 3880 vada
908 3807 980 3896 1333,
1013 3820 1066 3882 sed
1094 3824 1151 3883 imo
1179 3822 1260 3883 nullo

116 3918 207 3982 modo
227 3935 283 3998 pro
304 3918 422 3979 131331
443 3917 489 3977 331
509 3921 570 3980 ima
591 3918 728 3998 usurpari
743 3925 859 3998 poterat
880 3917 1033 3998 adicitque
1048 3920 1134 3999 plane
1148 3939 1260 3982 nomen

116 4016 216 4096 ipsum
239 4013 287 4077 eui
308 4013 450 4077 ablativus
484 4015 532 4078 ille
559 4016 765 4088 adclinaretur,
798 4015 828 4079 ia
857 4017 936 4097 quod
965 4033 1004 4079 ne
1032 4017 1108 4097 fugit
1139 4019 1259 4097 quidem

116 4115 297 4194 interpretes
319 4120 442 4175 veteres.
486 4111 653 4192 legebatur
680 4123 731 4177 aut
752 4117 809 4176 imo
829 4115 921 4195 fundo
943 4115 1069 4194 Vergilio
1092 4116 1166 4178 duce
1188 4118 1260 4178 ben.

117 4211 154 4284 11,
175 4210 238 4273 419
266 4217 343 4301 331,ἱ
367 4210 445 4291 quod
474 4210 631 4275 volubilius
662 4221 722 4287 est,
750 4216 807 4276 1333
833 4217 945 4293 3339113
978 4213 1101 4275 ducibus
1136 4213 1260 4293 Vergibo

117 4311 190 4372 ben.
213 4309 262 4381 111,
285 4309 342 4372 421
370 4321 401 4373 31
423 4309 527 4371 Ovidio
549 4310 626 4371 Fast.
648 4310 697 4383 111,
720 4310 791 4372 591.
835 4311 949 4384 Quibus
970 4311 1125 4392 perpensis
1140 4312 1180 4374 ita
1195 4312 1259 4374 fero

118 4416 275 4479 contexere
295 4409 393 4471 locum
415 4409 497 4472 bunc
511 4409 687 4472 debebimus
709 4413 759 4486 (ne
774 4410 851 4473 13313
865 4411 953 4475 talem
969 4410 1150 4473 sententiam
1165 4411 1259 4491 qualis
