<?xml version="1.0" encoding="UTF-8"?>
<!DOCTYPE html PUBLIC "-//W3C//DTD XHTML 1.0 Transitional//EN"
    "http://www.w3.org/TR/xhtml1/DTD/xhtml1-transitional.dtd">
<html xmlns="http://www.w3.org/1999/xhtml" xml:lang="en" lang="en">
 <head>
  <title>
</title>
<meta http-equiv="Content-Type" content="text/html;charset=utf-8" />
  <meta name='ocr-system' content='tesseract 3.04.00' />
  <meta name='ocr-capabilities' content='ocr_page ocr_carea ocr_par ocr_line ocrx_word'/>
</head>
<body>
  <div class='ocr_page' id='page_1' title='image "./dehalieuticisov00birtgoog_0182.png"; bbox 0 0 2902 5040; ppageno 0'>
   <div class='ocr_carea' id='block_1_1' title="bbox 615 289 854 356">
    <p class='ocr_par' dir='ltr' id='par_1_1' title="bbox 615 289 854 356">
     <span class='ocr_line' id='line_1_1' title="bbox 615 289 854 356; baseline -0.017 0"><span class='ocrx_word' id='word_1_1' title='bbox 615 289 854 356; x_wconf 79' lang='lat'>-136-</span> 
     </span>
    </p>
   </div>
   <div class='ocr_carea' id='block_1_2' title="bbox 148 464 1325 4506">
    <p class='ocr_par' dir='ltr' id='par_1_2' title="bbox 148 464 1325 4506">
     <span class='ocr_line' id='line_1_2' title="bbox 168 464 1310 551; baseline -0.008 -16"><span class='ocrx_word' id='word_1_2' title='bbox 168 473 269 534; x_wconf 89' lang='lat' dir='ltr'><strong>lahore</strong></span> <span class='ocrx_word' id='word_1_3' title='bbox 291 489 379 551; x_wconf 90' lang='lat' dir='ltr'><strong>quam</strong></span> <span class='ocrx_word' id='word_1_4' title='bbox 403 468 547 548; x_wconf 82' lang='lat' dir='ltr'><strong>exquisito</strong></span> <span class='ocrx_word' id='word_1_5' title='bbox 576 468 698 529; x_wconf 88' lang='lat' dir='ltr'><strong>iunctim</strong></span> <span class='ocrx_word' id='word_1_6' title='bbox 726 466 911 546; x_wconf 88' lang='lat' dir='ltr'><strong>permultae</strong></span> <span class='ocrx_word' id='word_1_7' title='bbox 934 464 1025 525; x_wconf 89' lang='lat' dir='ltr'><strong>latino</strong></span> <span class='ocrx_word' id='word_1_8' title='bbox 1047 464 1193 544; x_wconf 79' lang='lat' dir='ltr'><strong>scriptore</strong></span> <span class='ocrx_word' id='word_1_9' title='bbox 1215 465 1310 544; x_wconf 88' lang='lat' dir='ltr'><strong>posita</strong></span> 
     </span>
     <span class='ocr_line' id='line_1_3' title="bbox 168 565 1311 650; baseline -0.008 -16"><span class='ocrx_word' id='word_1_10' title='bbox 168 580 240 634; x_wconf 90' lang='lat' dir='ltr'><strong>sunt</strong></span> <span class='ocrx_word' id='word_1_11' title='bbox 272 588 347 650; x_wconf 91' lang='lat' dir='ltr'><strong>quae</strong></span> <span class='ocrx_word' id='word_1_12' title='bbox 380 569 525 630; x_wconf 88' lang='lat' dir='ltr'><strong>disiuncta</strong></span> <span class='ocrx_word' id='word_1_13' title='bbox 547 586 582 629; x_wconf 94' lang='lat' dir='ltr'><strong>ac</strong></span> <span class='ocrx_word' id='word_1_14' title='bbox 604 567 735 646; x_wconf 89' lang='lat' dir='ltr'><strong>dispersa</strong></span> <span class='ocrx_word' id='word_1_15' title='bbox 755 565 833 646; x_wconf 94' lang='lat' dir='ltr'><strong>apud</strong></span> <span class='ocrx_word' id='word_1_16' title='bbox 856 582 993 644; x_wconf 88' lang='lat' dir='ltr'><strong>graecum</strong></span> <span class='ocrx_word' id='word_1_17' title='bbox 1016 573 1176 626; x_wconf 75' lang='lat' dir='ltr'><strong>auctorem.</strong></span> <span class='ocrx_word' id='word_1_18' title='bbox 1220 565 1311 626; x_wconf 92' lang='lat' dir='ltr'><strong>llunc</strong></span> 
     </span>
     <span class='ocr_line' id='line_1_4' title="bbox 168 663 1311 749; baseline -0.005 -17"><span class='ocrx_word' id='word_1_19' title='bbox 168 671 259 749; x_wconf 90' lang='lat' dir='ltr'><strong>igitur</strong></span> <span class='ocrx_word' id='word_1_20' title='bbox 273 668 466 731; x_wconf 87' lang='lat' dir='ltr'><strong>durissimum</strong></span> <span class='ocrx_word' id='word_1_21' title='bbox 489 667 620 727; x_wconf 90' lang='lat' dir='ltr'><strong>laborem</strong></span> <span class='ocrx_word' id='word_1_22' title='bbox 638 668 735 746; x_wconf 90' lang='lat' dir='ltr'><strong>ipsum</strong></span> <span class='ocrx_word' id='word_1_23' title='bbox 751 663 881 725; x_wconf 86' lang='lat' dir='ltr'><strong>Plinium</strong></span> <span class='ocrx_word' id='word_1_24' title='bbox 903 663 1028 725; x_wconf 87' lang='lat' dir='ltr'><strong>subiisse</strong></span> <span class='ocrx_word' id='word_1_25' title='bbox 1048 672 1139 743; x_wconf 90' lang='lat' dir='ltr'><strong>atque</strong></span> <span class='ocrx_word' id='word_1_26' title='bbox 1153 664 1199 725; x_wconf 84' lang='lat' dir='ltr'><strong>uel</strong></span> <span class='ocrx_word' id='word_1_27' title='bbox 1218 663 1311 726; x_wconf 89' lang='lat' dir='ltr'><strong>latine</strong></span> 
     </span>
     <span class='ocr_line' id='line_1_5' title="bbox 168 761 1311 842; baseline -0.007 -11"><span class='ocrx_word' id='word_1_28' title='bbox 168 768 259 831; x_wconf 88' lang='lat' dir='ltr'><strong>libros</strong></span> <span class='ocrx_word' id='word_1_29' title='bbox 282 765 482 829; x_wconf 87' lang='lat' dir='ltr'><strong>Aristotelicos</strong></span> <span class='ocrx_word' id='word_1_30' title='bbox 504 763 627 825; x_wconf 89' lang='lat' dir='ltr'><strong>vertisse</strong></span> <span class='ocrx_word' id='word_1_31' title='bbox 655 773 688 825; x_wconf 92' lang='lat' dir='ltr'><strong>ut</strong></span> <span class='ocrx_word' id='word_1_32' title='bbox 710 763 860 824; x_wconf 78' lang='lat' dir='ltr'><strong>crederem</strong></span> <span class='ocrx_word' id='word_1_33' title='bbox 888 761 997 823; x_wconf 80' lang='lat' dir='ltr'><strong>frustra</strong></span> <span class='ocrx_word' id='word_1_34' title='bbox 1020 762 1159 842; x_wconf 78' lang='lat' dir='ltr'><strong>equidem</strong></span> <span class='ocrx_word' id='word_1_35' title='bbox 1181 781 1232 824; x_wconf 91' lang='lat' dir='ltr'><strong>me</strong></span> <span class='ocrx_word' id='word_1_36' title='bbox 1253 782 1311 842; x_wconf 93' lang='lat' dir='ltr'><strong>pa-</strong></span> 
     </span>
     <span class='ocr_line' id='line_1_6' title="bbox 168 861 1310 945; baseline -0.005 -16"><span class='ocrx_word' id='word_1_37' title='bbox 168 868 239 937; x_wconf 82' lang='lat' dir='ltr'><strong>ravi,</strong></span> <span class='ocrx_word' id='word_1_38' title='bbox 272 883 347 945; x_wconf 91' lang='lat' dir='ltr'><strong>quae</strong></span> <span class='ocrx_word' id='word_1_39' title='bbox 379 883 427 926; x_wconf 88' lang='lat' dir='ltr'><strong>res</strong></span> <span class='ocrx_word' id='word_1_40' title='bbox 460 881 521 925; x_wconf 92' lang='lat' dir='ltr'><strong>non</strong></span> <span class='ocrx_word' id='word_1_41' title='bbox 555 863 653 924; x_wconf 91' lang='lat' dir='ltr'><strong>solum</strong></span> <span class='ocrx_word' id='word_1_42' title='bbox 685 862 854 924; x_wconf 82' lang='lat' dir='ltr'><strong>difficillima</strong></span> <span class='ocrx_word' id='word_1_43' title='bbox 889 862 946 924; x_wconf 85' lang='lat' dir='ltr'><strong>luit</strong></span> <span class='ocrx_word' id='word_1_44' title='bbox 977 861 1028 923; x_wconf 89' lang='lat' dir='ltr'><strong>sed</strong></span> <span class='ocrx_word' id='word_1_45' title='bbox 1061 862 1152 923; x_wconf 92' lang='lat' dir='ltr'><strong>etiam</strong></span> <span class='ocrx_word' id='word_1_46' title='bbox 1183 861 1310 924; x_wconf 74' lang='lat' dir='ltr'><strong>ridicule</strong></span> 
     </span>
     <span class='ocr_line' id='line_1_7' title="bbox 148 959 1310 1089; baseline -0.005 -61"><span class='ocrx_word' id='word_1_47' title='bbox 148 968 387 1089; x_wconf 60' lang='lat' dir='ltr'><strong>psupervacanea</strong></span> <span class='ocrx_word' id='word_1_48' title='bbox 409 962 555 1042; x_wconf 88' lang='lat' dir='ltr'><strong>siquidem</strong></span> <span class='ocrx_word' id='word_1_49' title='bbox 578 962 667 1023; x_wconf 89' lang='lat' dir='ltr'><strong>simul</strong></span> <span class='ocrx_word' id='word_1_50' title='bbox 689 961 737 1022; x_wconf 92' lang='lat' dir='ltr'><strong>ille</strong></span> <span class='ocrx_word' id='word_1_51' title='bbox 751 960 939 1022; x_wconf 73' lang='lat' dir='ltr'><strong>Aristotelem</strong></span> <span class='ocrx_word' id='word_1_52' title='bbox 956 959 1046 1039; x_wconf 82' lang='lat' dir='ltr'><strong>Trogi</strong></span> <span class='ocrx_word' id='word_1_53' title='bbox 1067 960 1192 1022; x_wconf 89' lang='lat' dir='ltr'><strong>latinum</strong></span> <span class='ocrx_word' id='word_1_54' title='bbox 1209 961 1310 1022; x_wconf 90' lang='lat' dir='ltr'><strong>mani·</strong></span> 
     </span>
     <span class='ocr_line' id='line_1_8' title="bbox 168 1059 1310 1140; baseline -0.005 -12"><span class='ocrx_word' id='word_1_55' title='bbox 168 1065 224 1128; x_wconf 85' lang='lat' dir='ltr'><strong>bus</strong></span> <span class='ocrx_word' id='word_1_56' title='bbox 245 1062 389 1124; x_wconf 80' lang='lat' dir='ltr'><strong>versabat.</strong></span> <span class='ocrx_word' id='word_1_57' title='bbox 433 1062 528 1140; x_wconf 88' lang='lat' dir='ltr'><strong>Atque</strong></span> <span class='ocrx_word' id='word_1_58' title='bbox 555 1060 778 1122; x_wconf 79' lang='lat' dir='ltr'><strong>conclusionem</strong></span> <span class='ocrx_word' id='word_1_59' title='bbox 810 1059 988 1140; x_wconf 82' lang='lat' dir='ltr'><strong>apertiorem</strong></span> <span class='ocrx_word' id='word_1_60' title='bbox 1020 1077 1109 1139; x_wconf 91' lang='lat' dir='ltr'><strong>quam</strong></span> <span class='ocrx_word' id='word_1_61' title='bbox 1136 1060 1213 1122; x_wconf 92' lang='lat' dir='ltr'><strong>banc</strong></span> <span class='ocrx_word' id='word_1_62' title='bbox 1245 1079 1310 1122; x_wconf 89' lang='lat' dir='ltr'><strong>non</strong></span> 
     </span>
     <span class='ocr_line' id='line_1_9' title="bbox 168 1156 1311 1238; baseline -0.003 -13"><span class='ocrx_word' id='word_1_63' title='bbox 168 1161 281 1225; x_wconf 83' lang='lat' dir='ltr'><strong>audivi:</strong></span> <span class='ocrx_word' id='word_1_64' title='bbox 304 1179 375 1222; x_wconf 92' lang='lat' dir='ltr'><strong>nam</strong></span> <span class='ocrx_word' id='word_1_65' title='bbox 397 1158 509 1220; x_wconf 75' lang='lat' dir='ltr'><strong>Plinius</strong></span> <span class='ocrx_word' id='word_1_66' title='bbox 531 1158 563 1219; x_wconf 94' lang='lat' dir='ltr'><strong>in</strong></span> <span class='ocrx_word' id='word_1_67' title='bbox 584 1158 660 1219; x_wconf 87' lang='lat' dir='ltr'><strong>libro</strong></span> <span class='ocrx_word' id='word_1_68' title='bbox 683 1156 789 1218; x_wconf 81' lang='lat' dir='ltr'><strong>xxxh</strong></span> <span class='ocrx_word' id='word_1_69' title='bbox 804 1161 823 1231; x_wconf 71' lang='lat' dir='ltr'><strong>t</strong></span> <span class='ocrx_word' id='word_1_70' title='bbox 839 1156 899 1217; x_wconf 81' lang='lat'><strong>152</strong></span> <span class='ocrx_word' id='word_1_71' title='bbox 921 1157 1008 1237; x_wconf 92' lang='lat' dir='ltr'><strong>plane</strong></span> <span class='ocrx_word' id='word_1_72' title='bbox 1029 1157 1128 1238; x_wconf 87' lang='lat' dir='ltr'><strong>ignota</strong></span> <span class='ocrx_word' id='word_1_73' title='bbox 1152 1167 1182 1219; x_wconf 90' lang='lat' dir='ltr'><strong>et</strong></span> <span class='ocrx_word' id='word_1_74' title='bbox 1202 1157 1311 1221; x_wconf 92' lang='lat' dir='ltr'><strong>sibiet</strong></span> 
     </span>
     <span class='ocr_line' id='line_1_10' title="bbox 168 1255 1311 1336; baseline 0 -14"><span class='ocrx_word' id='word_1_75' title='bbox 168 1260 337 1323; x_wconf 85' lang='lat' dir='ltr'><strong>auctoribus</strong></span> <span class='ocrx_word' id='word_1_76' title='bbox 371 1259 434 1320; x_wconf 89' lang='lat' dir='ltr'><strong>suis</strong></span> <span class='ocrx_word' id='word_1_77' title='bbox 466 1276 499 1320; x_wconf 88' lang='lat' dir='ltr'><strong>ea</strong></span> <span class='ocrx_word' id='word_1_78' title='bbox 530 1257 650 1318; x_wconf 92' lang='lat' dir='ltr'><strong>nomina</strong></span> <span class='ocrx_word' id='word_1_79' title='bbox 680 1256 750 1318; x_wconf 90' lang='lat' dir='ltr'><strong>dicit</strong></span> <span class='ocrx_word' id='word_1_80' title='bbox 775 1275 852 1336; x_wconf 90' lang='lat' dir='ltr'><strong>quae</strong></span> <span class='ocrx_word' id='word_1_81' title='bbox 881 1267 911 1318; x_wconf 90' lang='lat' dir='ltr'><strong>et</strong></span> <span class='ocrx_word' id='word_1_82' title='bbox 937 1257 1015 1336; x_wconf 82' lang='lat' dir='ltr'><strong>apud</strong></span> <span class='ocrx_word' id='word_1_83' title='bbox 1038 1255 1225 1319; x_wconf 76' lang='lat' dir='ltr'><strong>Aristotelem</strong></span> <span class='ocrx_word' id='word_1_84' title='bbox 1246 1258 1311 1322; x_wconf 83' lang='lat' dir='ltr'><strong>fre·</strong></span> 
     </span>
     <span class='ocr_line' id='line_1_11' title="bbox 169 1356 1311 1442; baseline -0.003 -19"><span class='ocrx_word' id='word_1_85' title='bbox 169 1361 292 1442; x_wconf 85' lang='lat' dir='ltr'><strong>quentia</strong></span> <span class='ocrx_word' id='word_1_86' title='bbox 321 1367 352 1422; x_wconf 91' lang='lat' dir='ltr'><strong>et</strong></span> <span class='ocrx_word' id='word_1_87' title='bbox 383 1359 413 1420; x_wconf 92' lang='lat' dir='ltr'><strong>in</strong></span> <span class='ocrx_word' id='word_1_88' title='bbox 444 1359 509 1437; x_wconf 89' lang='lat' dir='ltr'><strong>ipso</strong></span> <span class='ocrx_word' id='word_1_89' title='bbox 532 1374 613 1418; x_wconf 90' lang='lat' dir='ltr'><strong>nouo</strong></span> <span class='ocrx_word' id='word_1_90' title='bbox 641 1356 716 1419; x_wconf 92' lang='lat' dir='ltr'><strong>libro</strong></span> <span class='ocrx_word' id='word_1_91' title='bbox 738 1375 754 1417; x_wconf 89' lang='lat' dir='ltr'><strong>a</strong></span> <span class='ocrx_word' id='word_1_92' title='bbox 778 1357 872 1417; x_wconf 83' lang='lat' dir='ltr'><strong>Plinio</strong></span> <span class='ocrx_word' id='word_1_93' title='bbox 894 1356 990 1435; x_wconf 88' lang='lat' dir='ltr'><strong>posita</strong></span> <span class='ocrx_word' id='word_1_94' title='bbox 1013 1364 1100 1431; x_wconf 86' lang='lat' dir='ltr'><strong>sunt;</strong></span> <span class='ocrx_word' id='word_1_95' title='bbox 1133 1357 1233 1437; x_wconf 90' lang='lat' dir='ltr'><strong>itaque</strong></span> <span class='ocrx_word' id='word_1_96' title='bbox 1260 1358 1311 1420; x_wconf 88' lang='lat' dir='ltr'><strong>in-</strong></span> 
     </span>
     <span class='ocr_line' id='line_1_12' title="bbox 169 1454 1311 1535; baseline -0.003 -12"><span class='ocrx_word' id='word_1_97' title='bbox 169 1459 301 1523; x_wconf 84' lang='lat' dir='ltr'><strong>credibili</strong></span> <span class='ocrx_word' id='word_1_98' title='bbox 327 1456 477 1520; x_wconf 88' lang='lat' dir='ltr'><strong>celeritate</strong></span> <span class='ocrx_word' id='word_1_99' title='bbox 498 1473 612 1518; x_wconf 90' lang='lat' dir='ltr'><strong>nonum</strong></span> <span class='ocrx_word' id='word_1_100' title='bbox 635 1456 683 1518; x_wconf 92' lang='lat' dir='ltr'><strong>ille</strong></span> <span class='ocrx_word' id='word_1_101' title='bbox 705 1455 813 1516; x_wconf 90' lang='lat' dir='ltr'><strong>librum</strong></span> <span class='ocrx_word' id='word_1_102' title='bbox 835 1454 1069 1530; x_wconf 79' lang='lat' dir='ltr'><strong>consarcinavit3</strong></span> <span class='ocrx_word' id='word_1_103' title='bbox 1090 1457 1170 1535; x_wconf 92' lang='lat' dir='ltr'><strong>atqui</strong></span> <span class='ocrx_word' id='word_1_104' title='bbox 1191 1456 1311 1520; x_wconf 86' lang='lat' dir='ltr'><strong>Aristo·</strong></span> 
     </span>
     <span class='ocr_line' id='line_1_13' title="bbox 168 1553 1312 1637; baseline -0.006 -14"><span class='ocrx_word' id='word_1_105' title='bbox 168 1560 242 1623; x_wconf 83' lang='lat' dir='ltr'><strong>teles</strong></span> <span class='ocrx_word' id='word_1_106' title='bbox 269 1557 333 1637; x_wconf 90' lang='lat' dir='ltr'><strong>ipse</strong></span> <span class='ocrx_word' id='word_1_107' title='bbox 362 1572 424 1616; x_wconf 92' lang='lat' dir='ltr'><strong>non</strong></span> <span class='ocrx_word' id='word_1_108' title='bbox 453 1555 657 1635; x_wconf 88' lang='lat' dir='ltr'><strong>pervolitando</strong></span> <span class='ocrx_word' id='word_1_109' title='bbox 680 1554 772 1635; x_wconf 83' lang='lat' dir='ltr'><strong>(quod</strong></span> <span class='ocrx_word' id='word_1_110' title='bbox 796 1553 904 1614; x_wconf 90' lang='lat' dir='ltr'><strong>mirum</strong></span> <span class='ocrx_word' id='word_1_111' title='bbox 926 1562 1072 1633; x_wconf 88' lang='lat' dir='ltr'><strong>quantum</strong></span> <span class='ocrx_word' id='word_1_112' title='bbox 1095 1553 1228 1634; x_wconf 78' lang='lat' dir='ltr'><strong>placebat</strong></span> <span class='ocrx_word' id='word_1_113' title='bbox 1249 1554 1312 1630; x_wconf 79' lang='lat' dir='ltr'><strong>ilh3</strong></span> 
     </span>
     <span class='ocr_line' id='line_1_14' title="bbox 169 1651 1313 1733; baseline -0.002 -15"><span class='ocrx_word' id='word_1_114' title='bbox 169 1657 207 1718; x_wconf 86' lang='lat' dir='ltr'><strong>cl.</strong></span> <span class='ocrx_word' id='word_1_115' title='bbox 220 1655 295 1717; x_wconf 90' lang='lat' dir='ltr'><strong>Plini</strong></span> <span class='ocrx_word' id='word_1_116' title='bbox 309 1654 431 1716; x_wconf 87' lang='lat' dir='ltr'><strong>minoris</strong></span> <span class='ocrx_word' id='word_1_117' title='bbox 442 1653 527 1733; x_wconf 90' lang='lat' dir='ltr'><strong>epist.</strong></span> <span class='ocrx_word' id='word_1_118' title='bbox 541 1652 633 1733; x_wconf 85' lang='lat'>1115),</span> <span class='ocrx_word' id='word_1_119' title='bbox 648 1653 700 1714; x_wconf 90' lang='lat' dir='ltr'><strong>sed</strong></span> <span class='ocrx_word' id='word_1_120' title='bbox 715 1652 883 1714; x_wconf 90' lang='lat' dir='ltr'><strong>tardissimo</strong></span> <span class='ocrx_word' id='word_1_121' title='bbox 899 1659 1014 1713; x_wconf 83' lang='lat' dir='ltr'><strong>tentum</strong></span> <span class='ocrx_word' id='word_1_122' title='bbox 1030 1651 1131 1714; x_wconf 90' lang='lat' dir='ltr'><strong>labore</strong></span> <span class='ocrx_word' id='word_1_123' title='bbox 1147 1664 1176 1715; x_wconf 88' lang='lat' dir='ltr'><strong>et</strong></span> <span class='ocrx_word' id='word_1_124' title='bbox 1190 1654 1267 1716; x_wconf 85' lang='lat' dir='ltr'><strong>verti</strong></span> <span class='ocrx_word' id='word_1_125' title='bbox 1281 1663 1313 1716; x_wconf 87' lang='lat' dir='ltr'><strong>et</strong></span> 
     </span>
     <span class='ocr_line' id='line_1_15' title="bbox 157 1749 1312 1832; baseline 0.001 -17"><span class='ocrx_word' id='word_1_126' title='bbox 157 1752 284 1832; x_wconf 40' lang='lat' dir='ltr'><strong>*excerpi</strong></span> <span class='ocrx_word' id='word_1_127' title='bbox 313 1759 444 1832; x_wconf 84' lang='lat' dir='ltr'><strong>poterat3</strong></span> <span class='ocrx_word' id='word_1_128' title='bbox 479 1769 548 1830; x_wconf 90' lang='lat' dir='ltr'><strong>ergo</strong></span> <span class='ocrx_word' id='word_1_129' title='bbox 578 1751 751 1829; x_wconf 82' lang='lat' dir='ltr'><strong>gravissimo</strong></span> <span class='ocrx_word' id='word_1_130' title='bbox 782 1759 938 1812; x_wconf 91' lang='lat' dir='ltr'><strong>auctorum</strong></span> <span class='ocrx_word' id='word_1_131' title='bbox 968 1749 1015 1811; x_wconf 90' lang='lat' dir='ltr'><strong>ille</strong></span> <span class='ocrx_word' id='word_1_132' title='bbox 1049 1767 1111 1811; x_wconf 91' lang='lat' dir='ltr'><strong>non</strong></span> <span class='ocrx_word' id='word_1_133' title='bbox 1139 1751 1217 1814; x_wconf 89' lang='lat' dir='ltr'><strong>lecto</strong></span> <span class='ocrx_word' id='word_1_134' title='bbox 1239 1771 1312 1816; x_wconf 88' lang='lat' dir='ltr'><strong>eru-</strong></span> 
     </span>
     <span class='ocr_line' id='line_1_16' title="bbox 168 1848 1313 1929; baseline 0 -15"><span class='ocrx_word' id='word_1_135' title='bbox 168 1852 287 1914; x_wconf 90' lang='lat' dir='ltr'><strong>ditionis</strong></span> <span class='ocrx_word' id='word_1_136' title='bbox 307 1868 341 1912; x_wconf 88' lang='lat' dir='ltr'><strong>se</strong></span> <span class='ocrx_word' id='word_1_137' title='bbox 363 1866 508 1913; x_wconf 87' lang='lat' dir='ltr'><strong>oceanum</strong></span> <span class='ocrx_word' id='word_1_138' title='bbox 531 1849 667 1911; x_wconf 84' lang='lat' dir='ltr'><strong>reddidit.</strong></span> <span class='ocrx_word' id='word_1_139' title='bbox 712 1849 788 1921; x_wconf 85' lang='lat' dir='ltr'><strong>Quid</strong></span> <span class='ocrx_word' id='word_1_140' title='bbox 817 1849 897 1929; x_wconf 93' lang='lat' dir='ltr'><strong>quod</strong></span> <span class='ocrx_word' id='word_1_141' title='bbox 919 1848 998 1910; x_wconf 90' lang='lat' dir='ltr'><strong>inter</strong></span> <span class='ocrx_word' id='word_1_142' title='bbox 1019 1848 1118 1928; x_wconf 87' lang='lat' dir='ltr'><strong>ignota</strong></span> <span class='ocrx_word' id='word_1_143' title='bbox 1144 1850 1195 1912; x_wconf 94' lang='lat' dir='ltr'><strong>illa</strong></span> <span class='ocrx_word' id='word_1_144' title='bbox 1221 1853 1313 1914; x_wconf 90' lang='lat' dir='ltr'><strong>etiam</strong></span> 
     </span>
     <span class='ocr_line' id='line_1_17' title="bbox 168 1947 1313 2031; baseline -0.001 -16"><span class='ocrx_word' id='word_1_145' title='bbox 168 1950 364 2031; x_wconf 78' lang='lat' dir='ltr'><strong>ohrysephrys</strong></span> <span class='ocrx_word' id='word_1_146' title='bbox 385 1950 479 2012; x_wconf 88' lang='lat' dir='ltr'><strong>adest.</strong></span> <span class='ocrx_word' id='word_1_147' title='bbox 514 1947 670 2011; x_wconf 88' lang='lat' dir='ltr'><strong>Nesciebat</strong></span> <span class='ocrx_word' id='word_1_148' title='bbox 692 1947 782 2027; x_wconf 92' lang='lat' dir='ltr'><strong>igitur</strong></span> <span class='ocrx_word' id='word_1_149' title='bbox 804 1947 917 2009; x_wconf 90' lang='lat' dir='ltr'><strong>Plinius</strong></span> <span class='ocrx_word' id='word_1_150' title='bbox 940 1947 980 2008; x_wconf 93' lang='lat' dir='ltr'><strong>ita</strong></span> <span class='ocrx_word' id='word_1_151' title='bbox 995 1947 1052 2010; x_wconf 89' lang='lat' dir='ltr'><strong>dici</strong></span> <span class='ocrx_word' id='word_1_152' title='bbox 1067 1957 1184 2012; x_wconf 89' lang='lat' dir='ltr'><strong>auratas</strong></span> <span class='ocrx_word' id='word_1_153' title='bbox 1201 1950 1313 2031; x_wconf 90' lang='lat' dir='ltr'><strong>quibus</strong></span> 
     </span>
     <span class='ocr_line' id='line_1_18' title="bbox 169 2047 1312 2130; baseline -0.001 -16"><span class='ocrx_word' id='word_1_154' title='bbox 169 2053 371 2114; x_wconf 79' lang='lat' dir='ltr'><strong>Romanorum</strong></span> <span class='ocrx_word' id='word_1_155' title='bbox 392 2058 483 2130; x_wconf 90' lang='lat' dir='ltr'><strong>atque</strong></span> <span class='ocrx_word' id='word_1_156' title='bbox 505 2067 558 2111; x_wconf 90' lang='lat' dir='ltr'><strong>sua</strong></span> <span class='ocrx_word' id='word_1_157' title='bbox 581 2048 674 2128; x_wconf 89' lang='lat' dir='ltr'><strong>ipsius</strong></span> <span class='ocrx_word' id='word_1_158' title='bbox 690 2048 774 2128; x_wconf 93' lang='lat' dir='ltr'><strong>siqua</strong></span> <span class='ocrx_word' id='word_1_159' title='bbox 797 2056 883 2109; x_wconf 89' lang='lat' dir='ltr'><strong>erant</strong></span> <span class='ocrx_word' id='word_1_160' title='bbox 904 2047 1009 2109; x_wconf 88' lang='lat' dir='ltr'><strong>vivaria</strong></span> <span class='ocrx_word' id='word_1_161' title='bbox 1025 2048 1165 2111; x_wconf 90' lang='lat' dir='ltr'><strong>inundata</strong></span> <span class='ocrx_word' id='word_1_162' title='bbox 1181 2050 1312 2113; x_wconf 81' lang='lat' dir='ltr'><strong>videbat</strong></span> 
     </span>
     <span class='ocr_line' id='line_1_19' title="bbox 170 2146 1312 2228; baseline 0.002 -17"><span class='ocrx_word' id='word_1_163' title='bbox 170 2148 280 2226; x_wconf 89' lang='lat' dir='ltr'><strong>(llinus</strong></span> <span class='ocrx_word' id='word_1_164' title='bbox 317 2167 403 2228; x_wconf 86' lang='lat' dir='ltr'><strong>grave</strong></span> <span class='ocrx_word' id='word_1_165' title='bbox 435 2156 483 2209; x_wconf 91' lang='lat' dir='ltr'><strong>est</strong></span> <span class='ocrx_word' id='word_1_166' title='bbox 514 2147 595 2227; x_wconf 92' lang='lat' dir='ltr'><strong>quod</strong></span> <span class='ocrx_word' id='word_1_167' title='bbox 617 2146 725 2207; x_wconf 84' lang='lat' dir='ltr'><strong>llllllll</strong></span> <span class='ocrx_word' id='word_1_168' title='bbox 743 2147 803 2208; x_wconf 87' lang='grc'><strong>154</strong></span> <span class='ocrx_word' id='word_1_169' title='bbox 826 2165 843 2207; x_wconf 95' lang='lat' dir='ltr'><strong>a</strong></span> <span class='ocrx_word' id='word_1_170' title='bbox 871 2146 953 2208; x_wconf 90' lang='lat' dir='ltr'><strong>nullo</strong></span> <span class='ocrx_word' id='word_1_171' title='bbox 981 2155 1102 2209; x_wconf 89' lang='lat' dir='ltr'><strong>auctore</strong></span> <span class='ocrx_word' id='word_1_172' title='bbox 1126 2149 1312 2213; x_wconf 88' lang='lat' dir='ltr'><strong>nominatam</strong></span> 
     </span>
     <span class='ocr_line' id='line_1_20' title="bbox 169 2245 1313 2330; baseline 0 -19"><span class='ocrx_word' id='word_1_173' title='bbox 169 2249 366 2330; x_wconf 81' lang='lat' dir='ltr'><strong>sphyraenam</strong></span> <span class='ocrx_word' id='word_1_174' title='bbox 388 2246 460 2308; x_wconf 93' lang='lat' dir='ltr'><strong>dicit</strong></span> <span class='ocrx_word' id='word_1_175' title='bbox 480 2265 556 2326; x_wconf 92' lang='lat' dir='ltr'><strong>quae</strong></span> <span class='ocrx_word' id='word_1_176' title='bbox 586 2255 632 2307; x_wconf 88' lang='lat' dir='ltr'><strong>est</strong></span> <span class='ocrx_word' id='word_1_177' title='bbox 658 2245 735 2326; x_wconf 92' lang='lat' dir='ltr'><strong>apud</strong></span> <span class='ocrx_word' id='word_1_178' title='bbox 758 2245 947 2308; x_wconf 78' lang='lat' dir='ltr'><strong>Aristotelem</strong></span> <span class='ocrx_word' id='word_1_179' title='bbox 980 2246 1096 2322; x_wconf 88' lang='lat' dir='ltr'><strong>semel).</strong></span> <span class='ocrx_word' id='word_1_180' title='bbox 1141 2248 1238 2328; x_wconf 86' lang='lat' dir='ltr'><strong>Atque</strong></span> <span class='ocrx_word' id='word_1_181' title='bbox 1270 2249 1313 2311; x_wconf 92' lang='lat' dir='ltr'><strong>ita</strong></span> 
     </span>
     <span class='ocr_line' id='line_1_21' title="bbox 167 2344 1313 2424; baseline 0 -14"><span class='ocrx_word' id='word_1_182' title='bbox 167 2366 232 2410; x_wconf 90' lang='lat' dir='ltr'><strong>rom</strong></span> <span class='ocrx_word' id='word_1_183' title='bbox 256 2366 298 2409; x_wconf 86' lang='lat' dir='ltr'><strong>se</strong></span> <span class='ocrx_word' id='word_1_184' title='bbox 333 2346 441 2407; x_wconf 91' lang='lat' dir='ltr'><strong>habere</strong></span> <span class='ocrx_word' id='word_1_185' title='bbox 474 2346 531 2406; x_wconf 92' lang='lat' dir='ltr'><strong>iam</strong></span> <span class='ocrx_word' id='word_1_186' title='bbox 556 2344 754 2407; x_wconf 89' lang='lat' dir='ltr'><strong>Schneiderus</strong></span> <span class='ocrx_word' id='word_1_187' title='bbox 777 2345 847 2406; x_wconf 92' lang='lat' dir='ltr'><strong>olim</strong></span> <span class='ocrx_word' id='word_1_188' title='bbox 877 2345 1082 2424; x_wconf 83' lang='lat' dir='ltr'><strong>pronuntiavit</strong></span> <span class='ocrx_word' id='word_1_189' title='bbox 1109 2345 1168 2424; x_wconf 87' lang='lat' dir='ltr'><strong>(ed.</strong></span> <span class='ocrx_word' id='word_1_190' title='bbox 1192 2348 1313 2410; x_wconf 86' lang='lat' dir='ltr'><strong>Aristl</strong></span> 
     </span>
     <span class='ocr_line' id='line_1_22' title="bbox 168 2442 1313 2528; baseline 0 -21"><span class='ocrx_word' id='word_1_191' title='bbox 168 2466 198 2527; x_wconf 93' lang='lat' dir='ltr'><strong>p.</strong></span> <span class='ocrx_word' id='word_1_192' title='bbox 215 2445 317 2522; x_wconf 82' lang='lat' dir='ltr'><strong>lllllll)</strong></span> <span class='ocrx_word' id='word_1_193' title='bbox 339 2444 493 2523; x_wconf 88' lang='lat' dir='ltr'><strong>simileque</strong></span> <span class='ocrx_word' id='word_1_194' title='bbox 515 2444 551 2504; x_wconf 90' lang='lat' dir='ltr'><strong>de</strong></span> <span class='ocrx_word' id='word_1_195' title='bbox 564 2443 768 2523; x_wconf 86' lang='lat' dir='ltr'><strong>Theophrasto</strong></span> <span class='ocrx_word' id='word_1_196' title='bbox 790 2443 827 2503; x_wconf 93' lang='lat' dir='ltr'><strong>ad</strong></span> <span class='ocrx_word' id='word_1_197' title='bbox 850 2442 997 2523; x_wconf 92' lang='lat' dir='ltr'><strong>Theopbr.</strong></span> <span class='ocrx_word' id='word_1_198' title='bbox 1014 2444 1128 2518; x_wconf 76' lang='lat' dir='ltr'>v5403</span> <span class='ocrx_word' id='word_1_199' title='bbox 1149 2444 1313 2528; x_wconf 68' lang='lat' dir='ltr'><strong>montigny,</strong></span> 
     </span>
     <span class='ocr_line' id='line_1_23' title="bbox 169 2541 1314 2625; baseline 0.001 -18"><span class='ocrx_word' id='word_1_200' title='bbox 169 2544 291 2625; x_wconf 89' lang='lat' dir='ltr'><strong>genium</strong></span> <span class='ocrx_word' id='word_1_201' title='bbox 305 2543 381 2605; x_wconf 91' lang='lat' dir='ltr'><strong>Plini</strong></span> <span class='ocrx_word' id='word_1_202' title='bbox 403 2551 476 2622; x_wconf 92' lang='lat' dir='ltr'><strong>puto</strong></span> <span class='ocrx_word' id='word_1_203' title='bbox 491 2561 531 2604; x_wconf 91' lang='lat' dir='ltr'><strong>ne</strong></span> <span class='ocrx_word' id='word_1_204' title='bbox 551 2542 722 2616; x_wconf 82' lang='lat' dir='ltr'><strong>offenderet,</strong></span> <span class='ocrx_word' id='word_1_205' title='bbox 746 2541 873 2603; x_wconf 88' lang='lat' dir='ltr'><strong>mediam</strong></span> <span class='ocrx_word' id='word_1_206' title='bbox 896 2541 971 2603; x_wconf 85' lang='lat' dir='ltr'><strong>viam</strong></span> <span class='ocrx_word' id='word_1_207' title='bbox 996 2542 1183 2623; x_wconf 87' lang='lat' dir='ltr'><strong>ingressurus</strong></span> <span class='ocrx_word' id='word_1_208' title='bbox 1205 2545 1314 2625; x_wconf 79' lang='lat' dir='ltr'><strong>legisse</strong></span> 
     </span>
     <span class='ocr_line' id='line_1_24' title="bbox 171 2641 1313 2724; baseline 0.003 -19"><span class='ocrx_word' id='word_1_209' title='bbox 171 2643 291 2724; x_wconf 87' lang='lat' dir='ltr'><strong>quidem</strong></span> <span class='ocrx_word' id='word_1_210' title='bbox 311 2641 440 2703; x_wconf 89' lang='lat' dir='ltr'><strong>Plinium</strong></span> <span class='ocrx_word' id='word_1_211' title='bbox 463 2658 566 2720; x_wconf 86' lang='lat' dir='ltr'><strong>graeca</strong></span> <span class='ocrx_word' id='word_1_212' title='bbox 588 2641 700 2713; x_wconf 80' lang='lat' dir='ltr'><strong>statuit,</strong></span> <span class='ocrx_word' id='word_1_213' title='bbox 730 2660 946 2721; x_wconf 86' lang='lat' dir='ltr'><strong>saepenumero</strong></span> <span class='ocrx_word' id='word_1_214' title='bbox 969 2661 1038 2705; x_wconf 87' lang='lat' dir='ltr'><strong>vero</strong></span> <span class='ocrx_word' id='word_1_215' title='bbox 1062 2643 1141 2704; x_wconf 90' lang='lat' dir='ltr'><strong>locos</strong></span> <span class='ocrx_word' id='word_1_216' title='bbox 1164 2643 1236 2706; x_wconf 91' lang='lat' dir='ltr'><strong>inde</strong></span> <span class='ocrx_word' id='word_1_217' title='bbox 1258 2664 1313 2708; x_wconf 84' lang='lat' dir='ltr'><strong>ex·</strong></span> 
     </span>
     <span class='ocr_line' id='line_1_25' title="bbox 171 2739 1313 2823; baseline 0.001 -16"><span class='ocrx_word' id='word_1_218' title='bbox 171 2743 297 2823; x_wconf 87' lang='lat' dir='ltr'><strong>scriptos</strong></span> <span class='ocrx_word' id='word_1_219' title='bbox 325 2759 387 2802; x_wconf 93' lang='lat' dir='ltr'><strong>non</strong></span> <span class='ocrx_word' id='word_1_220' title='bbox 409 2739 451 2802; x_wconf 71' lang='lat' dir='ltr'><strong>ad&#39;</strong></span> <span class='ocrx_word' id='word_1_221' title='bbox 469 2758 590 2802; x_wconf 92' lang='lat' dir='ltr'><strong>manum</strong></span> <span class='ocrx_word' id='word_1_222' title='bbox 613 2739 751 2802; x_wconf 91' lang='lat' dir='ltr'><strong>hahuisse</strong></span> <span class='ocrx_word' id='word_1_223' title='bbox 777 2740 904 2821; x_wconf 91' lang='lat' dir='ltr'><strong>ideoque</strong></span> <span class='ocrx_word' id='word_1_224' title='bbox 927 2760 964 2802; x_wconf 82' lang='lat' dir='ltr'><strong>er</strong></span> <span class='ocrx_word' id='word_1_225' title='bbox 985 2741 1082 2820; x_wconf 90' lang='lat' dir='ltr'><strong>Trogo</strong></span> <span class='ocrx_word' id='word_1_226' title='bbox 1105 2742 1224 2821; x_wconf 83' lang='lat' dir='ltr'><strong>Nigidio</strong></span> <span class='ocrx_word' id='word_1_227' title='bbox 1245 2745 1313 2808; x_wconf 89' lang='lat' dir='ltr'><strong>aliis</strong></span> 
     </span>
     <span class='ocr_line' id='line_1_26' title="bbox 168 2837 1315 2920; baseline 0.002 -16"><span class='ocrx_word' id='word_1_228' title='bbox 168 2860 233 2915; x_wconf 84' lang='lat' dir='ltr'><strong>rem</strong></span> <span class='ocrx_word' id='word_1_229' title='bbox 265 2839 321 2902; x_wconf 92' lang='lat' dir='ltr'><strong>sibi</strong></span> <span class='ocrx_word' id='word_1_230' title='bbox 354 2838 559 2918; x_wconf 87' lang='lat' dir='ltr'><strong>suppeditasse</strong></span> <span class='ocrx_word' id='word_1_231' title='bbox 588 2839 618 2913; x_wconf 80' lang='lat' dir='ltr'><strong>(l.</strong></span> <span class='ocrx_word' id='word_1_232' title='bbox 642 2839 661 2899; x_wconf 90' lang='lat' dir='ltr'><strong>l</strong></span> <span class='ocrx_word' id='word_1_233' title='bbox 682 2858 711 2919; x_wconf 93' lang='lat' dir='ltr'><strong>p.</strong></span> <span class='ocrx_word' id='word_1_234' title='bbox 731 2837 792 2915; x_wconf 70' lang='lat'><strong>52).</strong></span> <span class='ocrx_word' id='word_1_235' title='bbox 849 2839 1006 2902; x_wconf 86' lang='lat' dir='ltr'><strong>lliffidebat</strong></span> <span class='ocrx_word' id='word_1_236' title='bbox 1037 2841 1218 2920; x_wconf 87' lang='lat' dir='ltr'><strong>Schneidero</strong></span> <span class='ocrx_word' id='word_1_237' title='bbox 1252 2842 1315 2906; x_wconf 89' lang='lat' dir='ltr'><strong>Sil-</strong></span> 
     </span>
     <span class='ocr_line' id='line_1_27' title="bbox 171 2936 1314 3020; baseline 0.003 -19"><span class='ocrx_word' id='word_1_238' title='bbox 171 2940 256 3020; x_wconf 93' lang='lat' dir='ltr'><strong>ligius</strong></span> <span class='ocrx_word' id='word_1_239' title='bbox 278 2955 401 3018; x_wconf 88' lang='lat' dir='ltr'><strong>quoque</strong></span> <span class='ocrx_word' id='word_1_240' title='bbox 422 2936 533 3012; x_wconf 88' lang='lat' dir='ltr'><strong>(Stahr,</strong></span> <span class='ocrx_word' id='word_1_241' title='bbox 562 2938 683 2999; x_wconf 88' lang='lat' dir='ltr'><strong>Aristot.</strong></span> <span class='ocrx_word' id='word_1_242' title='bbox 707 2938 735 2998; x_wconf 94' lang='lat' dir='ltr'><strong>b.</strong></span> <span class='ocrx_word' id='word_1_243' title='bbox 758 2937 791 2998; x_wconf 85' lang='lat' dir='ltr'><strong>d.</strong></span> <span class='ocrx_word' id='word_1_244' title='bbox 810 2937 952 3008; x_wconf 79' lang='lat' dir='ltr'><strong>llbmern,</strong></span> <span class='ocrx_word' id='word_1_245' title='bbox 984 2958 1013 3019; x_wconf 93' lang='lat' dir='ltr'><strong>p.</strong></span> <span class='ocrx_word' id='word_1_246' title='bbox 1036 2939 1121 3013; x_wconf 86' lang='grc'>100),</span> <span class='ocrx_word' id='word_1_247' title='bbox 1155 2940 1314 3005; x_wconf 90' lang='lat' dir='ltr'><strong>oblocutus</strong></span> 
     </span>
     <span class='ocr_line' id='line_1_28' title="bbox 169 3036 1314 3124; baseline 0.003 -23"><span class='ocrx_word' id='word_1_248' title='bbox 169 3048 217 3101; x_wconf 90' lang='lat' dir='ltr'><strong>est</strong></span> <span class='ocrx_word' id='word_1_249' title='bbox 248 3039 280 3100; x_wconf 87' lang='lat' dir='ltr'><strong>A.</strong></span> <span class='ocrx_word' id='word_1_250' title='bbox 308 3038 346 3098; x_wconf 91' lang='lat' dir='ltr'><strong>de</strong></span> <span class='ocrx_word' id='word_1_251' title='bbox 368 3036 542 3098; x_wconf 87' lang='lat' dir='ltr'><strong>Gutschmid</strong></span> <span class='ocrx_word' id='word_1_252' title='bbox 574 3038 605 3106; x_wconf 82' lang='lat' dir='ltr'><strong>in</strong></span> <span class='ocrx_word' id='word_1_253' title='bbox 637 3036 818 3099; x_wconf 84' lang='lat' dir='ltr'><strong>Fleckeiseni</strong></span> <span class='ocrx_word' id='word_1_254' title='bbox 843 3038 921 3098; x_wconf 92' lang='lat' dir='ltr'><strong>Ann.</strong></span> <span class='ocrx_word' id='word_1_255' title='bbox 947 3039 1044 3118; x_wconf 90' lang='lat' dir='ltr'><strong>suppl.</strong></span> <span class='ocrx_word' id='word_1_256' title='bbox 1067 3038 1094 3099; x_wconf 96' lang='lat' dir='ltr'><strong>ll</strong></span> <span class='ocrx_word' id='word_1_257' title='bbox 1116 3059 1145 3119; x_wconf 90' lang='lat' dir='ltr'><strong>p.</strong></span> <span class='ocrx_word' id='word_1_258' title='bbox 1169 3042 1229 3104; x_wconf 79' lang='lat'><strong>179</strong></span> <span class='ocrx_word' id='word_1_259' title='bbox 1245 3061 1314 3124; x_wconf 91' lang='lat' dir='ltr'><strong>sqq.</strong></span> 
     </span>
     <span class='ocr_line' id='line_1_29' title="bbox 170 3128 1314 3218; baseline 0.003 -18"><span class='ocrx_word' id='word_1_260' title='bbox 170 3140 267 3218; x_wconf 88' lang='lat' dir='ltr'><strong>Atque</strong></span> <span class='ocrx_word' id='word_1_261' title='bbox 289 3128 366 3216; x_wconf 89' lang='lat' dir='ltr'><strong>apud</strong></span> <span class='ocrx_word' id='word_1_262' title='bbox 387 3135 469 3197; x_wconf 90' lang='lat' dir='ltr'><strong>hunc</strong></span> <span class='ocrx_word' id='word_1_263' title='bbox 490 3135 647 3198; x_wconf 90' lang='lat' dir='ltr'><strong>coniuncta</strong></span> <span class='ocrx_word' id='word_1_264' title='bbox 662 3135 749 3216; x_wconf 83' lang='lat' dir='ltr'><strong>Trogi</strong></span> <span class='ocrx_word' id='word_1_265' title='bbox 766 3137 929 3214; x_wconf 84' lang='lat' dir='ltr'><strong>fragmenta</strong></span> <span class='ocrx_word' id='word_1_266' title='bbox 944 3145 996 3199; x_wconf 87' lang='lat' dir='ltr'><strong>aut</strong></span> <span class='ocrx_word' id='word_1_267' title='bbox 1018 3136 1054 3198; x_wconf 88' lang='lat' dir='ltr'><strong>de</strong></span> <span class='ocrx_word' id='word_1_268' title='bbox 1068 3138 1178 3218; x_wconf 89' lang='lat' dir='ltr'><strong>plantis</strong></span> <span class='ocrx_word' id='word_1_269' title='bbox 1200 3149 1253 3203; x_wconf 93' lang='lat' dir='ltr'><strong>aut</strong></span> <span class='ocrx_word' id='word_1_270' title='bbox 1274 3142 1314 3204; x_wconf 92' lang='lat' dir='ltr'><strong>de</strong></span> 
     </span>
     <span class='ocr_line' id='line_1_30' title="bbox 170 3234 1316 3314; baseline 0.004 -15"><span class='ocrx_word' id='word_1_271' title='bbox 170 3234 345 3300; x_wconf 91' lang='lat' dir='ltr'><strong>animalibus</strong></span> <span class='ocrx_word' id='word_1_272' title='bbox 368 3240 442 3314; x_wconf 90' lang='lat' dir='ltr'><strong>quot</strong></span> <span class='ocrx_word' id='word_1_273' title='bbox 463 3241 627 3313; x_wconf 88' lang='lat' dir='ltr'><strong>supersunt</strong></span> <span class='ocrx_word' id='word_1_274' title='bbox 648 3234 747 3297; x_wconf 89' lang='lat' dir='ltr'><strong>omnia</strong></span> <span class='ocrx_word' id='word_1_275' title='bbox 769 3251 831 3296; x_wconf 90' lang='lat' dir='ltr'><strong>nun</strong></span> <span class='ocrx_word' id='word_1_276' title='bbox 853 3235 977 3297; x_wconf 90' lang='lat' dir='ltr'><strong>deducta</strong></span> <span class='ocrx_word' id='word_1_277' title='bbox 1000 3235 1056 3297; x_wconf 90' lang='lat' dir='ltr'><strong>nisi</strong></span> <span class='ocrx_word' id='word_1_278' title='bbox 1079 3247 1132 3298; x_wconf 92' lang='lat' dir='ltr'><strong>aut</strong></span> <span class='ocrx_word' id='word_1_279' title='bbox 1154 3258 1189 3301; x_wconf 81' lang='lat' dir='ltr'><strong>er</strong></span> <span class='ocrx_word' id='word_1_280' title='bbox 1212 3242 1316 3304; x_wconf 91' lang='lat' dir='ltr'><strong>Theo-</strong></span> 
     </span>
     <span class='ocr_line' id='line_1_31' title="bbox 170 3331 1315 3420; baseline 0.006 -23"><span class='ocrx_word' id='word_1_281' title='bbox 170 3337 290 3416; x_wconf 87' lang='lat' dir='ltr'><strong>phrasto</strong></span> <span class='ocrx_word' id='word_1_282' title='bbox 312 3342 364 3396; x_wconf 90' lang='lat' dir='ltr'><strong>aut</strong></span> <span class='ocrx_word' id='word_1_283' title='bbox 386 3352 421 3394; x_wconf 85' lang='lat' dir='ltr'><strong>ex</strong></span> <span class='ocrx_word' id='word_1_284' title='bbox 443 3332 599 3394; x_wconf 88' lang='lat' dir='ltr'><strong>Aristotele</strong></span> <span class='ocrx_word' id='word_1_285' title='bbox 626 3353 691 3395; x_wconf 90' lang='lat' dir='ltr'><strong>esse</strong></span> <span class='ocrx_word' id='word_1_286' title='bbox 708 3331 820 3395; x_wconf 84' lang='lat' dir='ltr'><strong>videbis</strong></span> <span class='ocrx_word' id='word_1_287' title='bbox 843 3334 893 3407; x_wconf 85' lang='lat' dir='ltr'><strong>ita,</strong></span> <span class='ocrx_word' id='word_1_288' title='bbox 917 3343 951 3396; x_wconf 93' lang='lat' dir='ltr'><strong>ut</strong></span> <span class='ocrx_word' id='word_1_289' title='bbox 971 3335 1024 3396; x_wconf 93' lang='lat' dir='ltr'><strong>hos</strong></span> <span class='ocrx_word' id='word_1_290' title='bbox 1046 3335 1121 3397; x_wconf 93' lang='lat' dir='ltr'><strong>duos</strong></span> <span class='ocrx_word' id='word_1_291' title='bbox 1143 3338 1259 3420; x_wconf 85' lang='lat' dir='ltr'><strong>Trogus</strong></span> <span class='ocrx_word' id='word_1_292' title='bbox 1281 3361 1315 3404; x_wconf 91' lang='lat' dir='ltr'><strong>se</strong></span> 
     </span>
     <span class='ocr_line' id='line_1_32' title="bbox 171 3431 1314 3513; baseline 0.004 -16"><span class='ocrx_word' id='word_1_293' title='bbox 171 3434 330 3497; x_wconf 90' lang='lat' dir='ltr'><strong>conciliare</strong></span> <span class='ocrx_word' id='word_1_294' title='bbox 363 3431 435 3494; x_wconf 90' lang='lat' dir='ltr'><strong>velle</strong></span> <span class='ocrx_word' id='word_1_295' title='bbox 465 3431 573 3495; x_wconf 90' lang='lat' dir='ltr'><strong>litteris</strong></span> <span class='ocrx_word' id='word_1_296' title='bbox 601 3431 700 3494; x_wconf 87' lang='lat' dir='ltr'><strong>latinis</strong></span> <span class='ocrx_word' id='word_1_297' title='bbox 727 3432 879 3513; x_wconf 81' lang='lat' dir='ltr'><strong>professus</strong></span> <span class='ocrx_word' id='word_1_298' title='bbox 911 3432 1005 3495; x_wconf 91' lang='lat' dir='ltr'><strong>fuisse</strong></span> <span class='ocrx_word' id='word_1_299' title='bbox 1027 3433 1166 3498; x_wconf 86' lang='lat' dir='ltr'><strong>rideatur.</strong></span> <span class='ocrx_word' id='word_1_300' title='bbox 1214 3439 1314 3502; x_wconf 91' lang='lat' dir='ltr'><strong>Unum</strong></span> 
     </span>
     <span class='ocr_line' id='line_1_33' title="bbox 170 3529 1315 3615; baseline 0.008 -22"><span class='ocrx_word' id='word_1_301' title='bbox 170 3534 227 3595; x_wconf 88' lang='lat' dir='ltr'><strong>hoe</strong></span> <span class='ocrx_word' id='word_1_302' title='bbox 250 3531 331 3613; x_wconf 90' lang='lat' dir='ltr'><strong>quod</strong></span> <span class='ocrx_word' id='word_1_303' title='bbox 354 3531 432 3611; x_wconf 92' lang='lat' dir='ltr'><strong>apud</strong></span> <span class='ocrx_word' id='word_1_304' title='bbox 455 3531 620 3593; x_wconf 84' lang='lat' dir='ltr'><strong>Charisium</strong></span> <span class='ocrx_word' id='word_1_305' title='bbox 643 3539 688 3592; x_wconf 87' lang='lat' dir='ltr'><strong>est</strong></span> <span class='ocrx_word' id='word_1_306' title='bbox 701 3534 738 3611; x_wconf 72' lang='lat' dir='ltr'><strong>&#39;p.</strong></span> <span class='ocrx_word' id='word_1_307' title='bbox 756 3531 825 3611; x_wconf 82' lang='lat'><strong>137,</strong></span> <span class='ocrx_word' id='word_1_308' title='bbox 842 3529 861 3591; x_wconf 88' lang='grc'>9</span> <span class='ocrx_word' id='word_1_309' title='bbox 876 3532 916 3593; x_wconf 91' lang='lat' dir='ltr'><strong>ll:</strong></span> <span class='ocrx_word' id='word_1_310' title='bbox 937 3536 1030 3613; x_wconf 82' lang='lat' dir='ltr'><strong>itaque</strong></span> <span class='ocrx_word' id='word_1_311' title='bbox 1047 3531 1170 3615; x_wconf 75' lang='lat' dir='ltr'><strong>Trogum</strong></span> <span class='ocrx_word' id='word_1_312' title='bbox 1192 3539 1227 3600; x_wconf 84' lang='lat' dir='ltr'><strong>de</strong></span> <span class='ocrx_word' id='word_1_313' title='bbox 1247 3543 1315 3602; x_wconf 81' lang='lat' dir='ltr'><strong>oui·</strong></span> 
     </span>
     <span class='ocr_line' id='line_1_34' title="bbox 171 3628 1313 3711; baseline 0.005 -17"><span class='ocrx_word' id='word_1_314' title='bbox 171 3629 382 3694; x_wconf 83' lang='lat' dir='ltr'><strong>molibuslibro</strong></span> <span class='ocrx_word' id='word_1_315' title='bbox 398 3628 555 3709; x_wconf 81' lang='lat' dir='ltr'><strong>chrium</strong></span> <span class='ocrx_word' id='word_1_316' title='bbox 575 3649 762 3692; x_wconf 76' lang='lat' dir='ltr'><strong>numerorum</strong></span> <span class='ocrx_word' id='word_1_317' title='bbox 784 3642 811 3693; x_wconf 86' lang='lat' dir='ltr'><strong>et</strong></span> <span class='ocrx_word' id='word_1_318' title='bbox 834 3635 992 3711; x_wconf 76' lang='lat' dir='ltr'><strong>imparium</strong></span> <span class='ocrx_word' id='word_1_319' title='bbox 1017 3650 1077 3694; x_wconf 80' lang='lat' dir='ltr'><strong>eoo</strong></span> <span class='ocrx_word' id='word_1_320' title='bbox 1101 3643 1174 3696; x_wconf 84' lang='lat' dir='ltr'><strong>recte</strong></span> <span class='ocrx_word' id='word_1_321' title='bbox 1197 3637 1313 3709; x_wconf 65' lang='lat' dir='ltr'><strong>dehine,</strong></span> 
     </span>
     <span class='ocr_line' id='line_1_35' title="bbox 170 3727 1312 3810; baseline 0.004 -17"><span class='ocrx_word' id='word_1_322' title='bbox 170 3730 219 3793; x_wconf 84' lang='lat' dir='ltr'><strong>sed</strong></span> <span class='ocrx_word' id='word_1_323' title='bbox 230 3746 336 3810; x_wconf 77' lang='lat' dir='ltr'><strong>parson</strong></span> <span class='ocrx_word' id='word_1_324' title='bbox 350 3739 376 3789; x_wconf 87' lang='lat' dir='ltr'><strong>et</strong></span> <span class='ocrx_word' id='word_1_325' title='bbox 395 3731 542 3807; x_wconf 84' lang='lat' dir='ltr'><strong>impurum</strong></span> <span class='ocrx_word' id='word_1_326' title='bbox 562 3727 665 3809; x_wconf 86' lang='lat' dir='ltr'><strong>(atque</strong></span> <span class='ocrx_word' id='word_1_327' title='bbox 679 3730 870 3792; x_wconf 88' lang='lat' dir='ltr'><strong>memorabile</strong></span> <span class='ocrx_word' id='word_1_328' title='bbox 890 3730 921 3791; x_wconf 94' lang='lat' dir='ltr'><strong>id</strong></span> <span class='ocrx_word' id='word_1_329' title='bbox 937 3748 1056 3810; x_wconf 89' lang='lat' dir='ltr'><strong>quoque</strong></span> <span class='ocrx_word' id='word_1_330' title='bbox 1071 3732 1143 3794; x_wconf 92' lang='lat' dir='ltr'><strong>haec</strong></span> <span class='ocrx_word' id='word_1_331' title='bbox 1166 3752 1201 3794; x_wconf 81' lang='lat' dir='ltr'><strong>er</strong></span> <span class='ocrx_word' id='word_1_332' title='bbox 1217 3735 1312 3798; x_wconf 92' lang='lat' dir='ltr'><strong>Plinio</strong></span> 
     </span>
     <span class='ocr_line' id='line_1_36' title="bbox 171 3826 1313 3909; baseline 0.005 -18"><span class='ocrx_word' id='word_1_333' title='bbox 171 3830 236 3909; x_wconf 90' lang='lat' dir='ltr'><strong>ipso</strong></span> <span class='ocrx_word' id='word_1_334' title='bbox 259 3826 447 3906; x_wconf 90' lang='lat' dir='ltr'><strong>grammatico</strong></span> <span class='ocrx_word' id='word_1_335' title='bbox 470 3827 652 3907; x_wconf 86' lang='lat' dir='ltr'><strong>prompsisse</strong></span> <span class='ocrx_word' id='word_1_336' title='bbox 674 3829 861 3909; x_wconf 71' lang='lat' dir='ltr'><strong>charisium),</strong></span> <span class='ocrx_word' id='word_1_337' title='bbox 884 3827 1068 3891; x_wconf 88' lang='lat' dir='ltr'><strong>dubitantius</strong></span> <span class='ocrx_word' id='word_1_338' title='bbox 1089 3830 1313 3897; x_wconf 87' lang='lat' dir='ltr'><strong>Gutschmidius</strong></span> 
     </span>
     <span class='ocr_line' id='line_1_37' title="bbox 174 3925 1313 4006; baseline 0.005 -16"><span class='ocrx_word' id='word_1_339' title='bbox 174 3929 211 3990; x_wconf 89' lang='lat' dir='ltr'><strong>ad</strong></span> <span class='ocrx_word' id='word_1_340' title='bbox 233 3926 397 3989; x_wconf 88' lang='lat' dir='ltr'><strong>Aristotelis</strong></span> <span class='ocrx_word' id='word_1_341' title='bbox 420 3945 448 4006; x_wconf 91' lang='lat' dir='ltr'><strong>p.</strong></span> <span class='ocrx_word' id='word_1_342' title='bbox 465 3925 527 3988; x_wconf 83' lang='grc'><strong>680</strong></span> <span class='ocrx_word' id='word_1_343' title='bbox 543 3925 600 3987; x_wconf 81' lang='grc'><strong>03</strong></span> <span class='ocrx_word' id='word_1_344' title='bbox 628 3928 740 3989; x_wconf 89' lang='lat' dir='ltr'><strong>rettulit</strong></span> <span class='ocrx_word' id='word_1_345' title='bbox 772 3927 821 3989; x_wconf 92' lang='lat' dir='ltr'><strong>uhi</strong></span> <span class='ocrx_word' id='word_1_346' title='bbox 855 3927 952 3989; x_wconf 87' lang='lat' dir='ltr'><strong>echini</strong></span> <span class='ocrx_word' id='word_1_347' title='bbox 985 3945 1047 3990; x_wconf 94' lang='lat' dir='ltr'><strong>non</strong></span> <span class='ocrx_word' id='word_1_348' title='bbox 1081 3929 1222 3992; x_wconf 89' lang='lat' dir='ltr'><strong>dicuntur</strong></span> <span class='ocrx_word' id='word_1_349' title='bbox 1255 3934 1313 3996; x_wconf 90' lang='lat' dir='ltr'><strong>nisi</strong></span> 
     </span>
     <span class='ocr_line' id='line_1_38' title="bbox 172 4019 1314 4110; baseline 0.005 -22"><span class='ocrx_word' id='word_1_350' title='bbox 172 4024 280 4088; x_wconf 87' lang='lat' dir='ltr'><strong>habere</strong></span> <span class='ocrx_word' id='word_1_351' title='bbox 303 4026 362 4087; x_wconf 78' lang='grc' dir='ltr'><strong>ἴσα</strong></span> <span class='ocrx_word' id='word_1_352' title='bbox 383 4046 418 4086; x_wconf 81' lang='lat' dir='ltr'><strong>rs</strong></span> <span class='ocrx_word' id='word_1_353' title='bbox 439 4023 484 4107; x_wconf 78' lang='grc' dir='ltr'><strong>τῷ</strong></span> <span class='ocrx_word' id='word_1_354' title='bbox 511 4019 647 4107; x_wconf 67' lang='grc' dir='ltr'><strong><em>ἀριθμῷ</em></strong></span> <span class='ocrx_word' id='word_1_355' title='bbox 672 4023 713 4086; x_wconf 80' lang='grc' dir='ltr'><strong>τὰ</strong></span> <span class='ocrx_word' id='word_1_356' title='bbox 738 4021 788 4109; x_wconf 74' lang='grc' dir='ltr'><strong>ᾠὰ</strong></span> <span class='ocrx_word' id='word_1_357' title='bbox 814 4028 870 4088; x_wconf 77' lang='lat' dir='ltr'><strong>sal</strong></span> <span class='ocrx_word' id='word_1_358' title='bbox 893 4023 1046 4110; x_wconf 72' lang='grc' dir='ltr'><strong>περιττάς</strong></span> <span class='ocrx_word' id='word_1_359' title='bbox 1078 4028 1260 4107; x_wconf 89' lang='lat' dir='ltr'><strong>probabilius</strong></span> <span class='ocrx_word' id='word_1_360' title='bbox 1282 4032 1314 4094; x_wconf 91' lang='lat' dir='ltr'><strong>ni</strong></span> 
     </span>
     <span class='ocr_line' id='line_1_39' title="bbox 172 4115 1325 4209; baseline 0.003 -21"><span class='ocrx_word' id='word_1_361' title='bbox 172 4126 255 4189; x_wconf 82' lang='lat' dir='ltr'><strong>fallor</strong></span> <span class='ocrx_word' id='word_1_362' title='bbox 282 4125 318 4186; x_wconf 93' lang='lat' dir='ltr'><strong>ad</strong></span> <span class='ocrx_word' id='word_1_363' title='bbox 341 4124 484 4206; x_wconf 80' lang='lat' dir='ltr'><strong>polypoda</strong></span> <span class='ocrx_word' id='word_1_364' title='bbox 506 4125 667 4186; x_wconf 87' lang='lat' dir='ltr'><strong>rettulisset</strong></span> <span class='ocrx_word' id='word_1_365' title='bbox 690 4144 765 4206; x_wconf 92' lang='lat' dir='ltr'><strong>quae</strong></span> <span class='ocrx_word' id='word_1_366' title='bbox 787 4126 957 4188; x_wconf 87' lang='lat' dir='ltr'><strong>Aristoteles</strong></span> <span class='ocrx_word' id='word_1_367' title='bbox 979 4146 1008 4207; x_wconf 90' lang='lat' dir='ltr'><strong>p.</strong></span> <span class='ocrx_word' id='word_1_368' title='bbox 1026 4125 1086 4188; x_wconf 81' lang='grc'><strong>708</strong></span> <span class='ocrx_word' id='word_1_369' title='bbox 1101 4126 1124 4187; x_wconf 89' lang='grc' dir='ltr'>Β</span> <span class='ocrx_word' id='word_1_370' title='bbox 1140 4127 1159 4187; x_wconf 88' lang='lat'>5</span> <span class='ocrx_word' id='word_1_371' title='bbox 1175 4147 1243 4209; x_wconf 87' lang='lat' dir='ltr'><strong>sqq.</strong></span> <span class='ocrx_word' id='word_1_372' title='bbox 1266 4115 1325 4192; x_wconf 45' lang='lat' dir='ltr'><strong>in-&#39;</strong></span> 
     </span>
     <span class='ocr_line' id='line_1_40' title="bbox 173 4224 1313 4305; baseline 0.003 -17"><span class='ocrx_word' id='word_1_373' title='bbox 173 4225 279 4288; x_wconf 88' lang='lat' dir='ltr'><strong>cedere</strong></span> <span class='ocrx_word' id='word_1_374' title='bbox 312 4242 400 4304; x_wconf 89' lang='lat' dir='ltr'><strong>posse</strong></span> <span class='ocrx_word' id='word_1_375' title='bbox 434 4230 536 4284; x_wconf 90' lang='lat' dir='ltr'><strong>narrat</strong></span> <span class='ocrx_word' id='word_1_376' title='bbox 567 4241 628 4285; x_wconf 93' lang='lat' dir='ltr'><strong>non</strong></span> <span class='ocrx_word' id='word_1_377' title='bbox 661 4225 755 4287; x_wconf 92' lang='lat' dir='ltr'><strong>solum</strong></span> <span class='ocrx_word' id='word_1_378' title='bbox 790 4224 909 4304; x_wconf 91' lang='lat' dir='ltr'><strong>paribus</strong></span> <span class='ocrx_word' id='word_1_379' title='bbox 943 4243 1069 4288; x_wconf 93' lang='lat' dir='ltr'><strong>numero</strong></span> <span class='ocrx_word' id='word_1_380' title='bbox 1101 4225 1227 4305; x_wconf 91' lang='lat' dir='ltr'><strong>pedibus</strong></span> <span class='ocrx_word' id='word_1_381' title='bbox 1262 4231 1313 4291; x_wconf 93' lang='lat' dir='ltr'><strong>sed</strong></span> 
     </span>
     <span class='ocr_line' id='line_1_41' title="bbox 174 4321 1313 4406; baseline 0.004 -20"><span class='ocrx_word' id='word_1_382' title='bbox 174 4324 263 4386; x_wconf 89' lang='lat' dir='ltr'><strong>etiam</strong></span> <span class='ocrx_word' id='word_1_383' title='bbox 295 4321 467 4403; x_wconf 88' lang='lat' dir='ltr'><strong>imparibus.</strong></span> <span class='ocrx_word' id='word_1_384' title='bbox 512 4321 644 4404; x_wconf 80' lang='lat' dir='ltr'><strong>lienique</strong></span> <span class='ocrx_word' id='word_1_385' title='bbox 670 4322 781 4386; x_wconf 87' lang='lat' dir='ltr'><strong>Plinius</strong></span> <span class='ocrx_word' id='word_1_386' title='bbox 809 4342 884 4404; x_wconf 89' lang='lat' dir='ltr'><strong>quae</strong></span> <span class='ocrx_word' id='word_1_387' title='bbox 910 4324 947 4386; x_wconf 94' lang='lat' dir='ltr'><strong>de</strong></span> <span class='ocrx_word' id='word_1_388' title='bbox 971 4343 1004 4386; x_wconf 90' lang='lat' dir='ltr'><strong>se</strong></span> <span class='ocrx_word' id='word_1_389' title='bbox 1027 4325 1124 4387; x_wconf 88' lang='lat' dir='ltr'><strong>valere</strong></span> <span class='ocrx_word' id='word_1_390' title='bbox 1146 4328 1313 4406; x_wconf 86' lang='lat' dir='ltr'><strong>praetendit</strong></span> 
     </span>
     <span class='ocr_line' id='line_1_42' title="bbox 174 4421 1312 4506; baseline 0.004 -22"><span class='ocrx_word' id='word_1_391' title='bbox 174 4423 306 4495; x_wconf 76' lang='lat' dir='ltr'><strong>vllltt,</strong></span> <span class='ocrx_word' id='word_1_392' title='bbox 337 4422 431 4484; x_wconf 83' lang='lat' dir='ltr'><strong>valere</strong></span> <span class='ocrx_word' id='word_1_393' title='bbox 461 4421 531 4484; x_wconf 90' lang='lat' dir='ltr'><strong>haec</strong></span> <span class='ocrx_word' id='word_1_394' title='bbox 560 4421 596 4485; x_wconf 89' lang='lat' dir='ltr'><strong>de</strong></span> <span class='ocrx_word' id='word_1_395' title='bbox 625 4422 720 4502; x_wconf 89' lang='lat' dir='ltr'><strong>Trogo</strong></span> <span class='ocrx_word' id='word_1_396' title='bbox 751 4422 875 4495; x_wconf 86' lang='lat' dir='ltr'><strong>sciehat,</strong></span> <span class='ocrx_word' id='word_1_397' title='bbox 905 4422 1016 4485; x_wconf 87' lang='lat' dir='ltr'><strong>scilicet</strong></span> <span class='ocrx_word' id='word_1_398' title='bbox 1038 4423 1312 4506; x_wconf 86' lang='lat' dir='ltr'><strong>quinquaginta</strong></span> 
     </span>
    </p>
   </div>
   <div class='ocr_carea' id='block_1_3' title="bbox 0 0 1462 5040">
    <p class='ocr_par' dir='ltr' id='par_1_3' title="bbox 0 0 1462 5040">
     <span class='ocr_line' id='line_1_43' title="bbox 0 0 1462 5040; baseline 0 0"><span class='ocrx_word' id='word_1_399' title='bbox 0 0 1462 5040; x_wconf 95' lang='lat' dir='ltr'><strong> </strong></span> 
     </span>
    </p>
   </div>
  </div>
 </body>
</html>
