2902 5040
616 291 858 354 —183—

168 486 234 527 esso
249 466 407 527 credideris
423 486 482 546 quo
498 484 576 527 anno
589 466 700 529 Plinius
714 467 853 529 historiae
865 467 990 528 naturali
1005 466 1139 546 praelixit
1154 467 1311 546 praelatio·

169 584 237 626 nem
261 573 409 644 quatenus
431 565 461 625 in
477 565 564 626 huius
577 569 594 640 ξ
607 565 646 626 24
663 565 742 657 inter
755 583 929 643 graecorum
944 564 1086 627 librorum
1102 564 1311 645 inscriptiones

167 675 198 724 ot
231 664 352 744 quidem
388 663 605 725 continentium
634 663 838 743 cyclopaedian
869 663 1029 742 castigatur
1058 662 1190 724 al‘linio
1222 663 1308 723 etiam
1394 674 1397 680 “

168 757 292 842 λειμυίν
313 780 374 841 quo
396 762 517 825 nomine
537 762 588 842 qui
610 762 683 822 liber
705 771 823 840 praetor
838 761 1043 840 Pamphiloum
1067 761 1227 825 denotetur
1249 778 1310 823 non
1433 810 1436 815 .

165 859 300 922 videmus
315 859 370 920 nisi
384 861 459 920 lorte
472 860 577 923 Limon
589 861 638 921 ille
646 861 795 922 Ciceronis
806 859 949 940 poeticus.
973 859 1098 938 Hesychi
1114 859 1260 939 epistulae
1273 859 1308 923 ad

166 957 324 1036 Eulogium
362 958 487 1037 scriptae
524 959 648 1038 primam
686 966 800 1038 partem
839 961 902 1020 lere
938 958 974 1019 ad
1013 956 1135 1019 verbum
1174 977 1209 1021 ex
1246 957 1309 1036 ipsa

157 1055 432 1134 -biogenianeorom
454 1052 764 1138 περιεργοπενήιων
785 1056 970 1136 praefatione
986 1063 1137 1135 sumptam
1159 1062 1308 1134 putamus
1391 1109 1392 1113 ,

165 1153 271 1215 dicitur
303 1163 402 1214 autom
438 1153 485 1216 bio
512 1173 573 1217 nou
602 1173 674 1217 usus
697 1173 761 1216 esse
784 1154 982 1233 diogenianus
1006 1154 1064 1216 nisi
1086 1151 1207 1224 λέξεων
1226 1153 1308 1218 thais

160 1249 248 1313 ,κατὰ
274 1261 439 1329 στοιχεῖον
465 1252 642 1331 conscriptis
672 1261 703 1312 ot
724 1253 888 1315 Homericis
912 1253 990 1314 velut
1012 1240 1131 1331 Apionis
1154 1251 1307 1332 Apolloni-

159 1369 223 1430 que
254 1360 285 1410 et
317 1350 432 1430 tragicis
465 1351 586 1412 cornicis
609 1351 723 1429 Didymi
745 1351 876 1414 Theonis
898 1359 928 1414 et
955 1349 1052 1430 lyricis
1083 1358 1112 1412 ot
1135 1349 1308 1423 rhetoricos
1408 1365 1412 1369 ’

164 1448 235 1528 quin
258 1449 345 1509 otiam
367 1448 466 1510 lexicis
482 1449 624 1511 historiae
644 1457 734 1529 atque
754 1449 970 1511 medicinarum
985 1450 1165 1528 scriptorum
1180 1448 1307 1512 redactis

163 1548 199 1608 ad
234 1548 372 1611 ordinem
408 1547 592 1623 litterarum3
635 1547 743 1627 quibus
780 1548 912 1628 pergitur
948 1567 980 1609 ea
1015 1555 1171 1609 traxerunt
1204 1547 1307 1610 uitium

164 1635 354 1728 συλλήβδην
396 1641 434 1707 δὲ
476 1640 562 1726 ὁμοῦ
607 1640 769 1727 οὐδεμίαν
814 1643 901 1716 λέξιν
937 1639 1015 1718 dare
1051 1642 1218 1728 παρέλιπε
1255 1646 1307 1708 ubi

163 1743 306 1811 Weborus
329 1762 390 1806 non
406 1743 495 1805 nimis
510 1743 703 1824 probabiliter
724 1740 882 1816 ἑκουσίως
901 1740 1077 1825 παρέλιπε.
1113 1743 1186 1805 Prae
1202 1744 1307 1811 ceteris

154 1850 267 1904 ,eutem
276 1843 332 1904 hoc
344 1842 477 1903 demiror
492 1842 572 1921 quod
597 1861 685 1907 nomo
699 1850 747 1904 cst
761 1842 813 1922 qui
827 1859 889 1903 non
904 1841 977 1902 illud
991 1833 1079 1922 ὁμοῦ
1093 1842 1200 1903 eodem
1216 1860 1306 1905 sensu

160 1956 220 2019 quo
242 1936 427 2022 συλλήβδην
445 1941 591 2020 acceperit
614 1940 698 2021 quasi
713 1940 881 2001 nonnimis
904 1939 975 2001 inda
992 1957 1093 2000 sermo
1115 1939 1256 2018 ineptiret
1274 1948 1306 2001 et

160 2038 244 2118 quasi
255 2039 296 2106 ita
305 2038 481 2100 dedecorare
493 2055 665 2099 sermonem
673 2038 796 2098 omnino
807 2055 995 2116 cogoromnr3
1010 2055 1107 2117 nequo
1118 2037 1199 2099 enim
1219 2032 1305 2118 ὁμοῦ

157 2155 215 2216 pro
236 2133 353 2215 σχεδὸν
372 2145 547 2217 usurpatum
573 2137 737 2215 ignoratur.
775 2136 873 2208 Quare
888 2153 941 2214 ago
963 2135 1002 2196 ita
1017 2134 1109 2199 satius
1125 2134 1200 2197 duno
1215 2135 1304 2199 rerba

158 2235 318 2314 refingere:
339 2227 527 2317 ’συλλήβδην
542 2231 578 2296 δὲ
594 2229 680 2315 duod
694 2228 851 2315 οὐδεμίαν
867 2227 955 2304 λέξιν
970 2233 1051 2309 ἴσως
1072 2254 1110 2310 γε
1123 2231 1303 2315 παρίλιπετ

159 2348 256 2414 ‘„quae
277 2333 367 2395 lorica
390 2351 484 2413 paene
506 2333 605 2394 omnia
621 2332 819 2412 complectens
834 2332 950 2395 nullom
972 2331 1055 2393 lacile
1070 2331 1221 2412 reliqnit“‚
1244 2352 1303 2412 quo

153 2431 337 2511 Hesychinm
357 2431 429 2492 satis
449 2441 535 2497 caute
550 2431 723 2510 Diogeniani
742 2430 829 2493 verba
844 2429 954 2492 referre
969 2430 1183 2508 cognosoimus.
1222 2431 1303 2503 Quae

151 2529 331 2608 ,Diogeniani
352 2529 441 2592 rerba
456 2529 533 2591 infra
549 2530 633 2611 quasi
652 2529 784 2591 imitatus
800 2529 961 2608 Hesychius
977 2535 1038 2589 est:
1051 2522 1158 2600 ,αὐτὸς
1173 2528 1303 2609 (irrepsit

157 2625 197 2689 ot
211 2647 312 2691 errore
327 2628 398 2690 satis
412 2627 534 2708 volgari)
551 2627 623 2705 ἰδίᾳ
634 2625 720 2707 χειρὶ
735 2621 891 2708 γράφων.
907 2671 914 2687 .
929 2671 936 2686 .
959 2624 1049 2697 λέξιν
1068 2624 1128 2708 μὲν
1143 2621 1303 2708 οὐδεμίαν

156 2724 346 2808 παρέλιπον
378 2727 531 2807 κειμένην
563 2723 599 2788 ἐν
619 2719 734 2797 αὐτοῖς
763 2724 820 2785 nisi
847 2724 927 2803 quod
961 2722 1048 2796 λέξις
1081 2725 1138 2786 hic·
1162 2725 1300 2788 vocabula

155 2823 280 2903 singula,
313 2824 377 2886 illic·
394 2831 457 2886 tota
485 2825 575 2886 lorica
598 2823 753 2902 significat.
799 2822 891 2884 Verba
914 2842 984 2887 vero
1007 2821 1072 2885 τῶν
1087 2818 1300 2903 Ἀριστάρχου

151 2921 212 2982 ’καὶ
241 2917 433 2995 Ἀππίυνις
461 2922 521 2985 ’καί
557 2918 760 3004 Ἡλιοδώρου
796 2918 915 2992 λέξεων
948 2917 1137 3004 εὐπορήσας
1167 2920 1222 2983 καὶ
1259 2918 1301 2983 ιδ

155 3017 274 3099 βιβλία
306 3019 481 3103 προθείς
516 3020 736 3096 Διογενιανοῦ
771 3019 812 3080 ita
846 3020 1058 3099 interpretatus
1082 3019 1225 3082 Weberus
1254 3028 1300 3081 est

154 3138 183 3198 p.
200 3117 297 3185 daut
319 3136 421 3181 verear
443 3126 475 3180 ut
497 3119 585 3180 fldem
614 3119 641 3180 ei
662 3118 771 3181 habere
794 3118 951 3199 quisquam
973 3119 1080 3198 possit.
1124 3119 1220 3179 lmmo
1243 3119 1298 3192 „ad

153 3216 276 3278 manum
297 3218 388 3280 habet
408 3218 569 3298 Hesychius
592 3217 703 3298 quippe
725 3217 917 3280 Alexandriae
931 3217 1136 3280 Aristarchum
1151 3218 1297 3298 Apionom

154 3315 346 3381 Heliodorum
368 3323 398 3375 ot
419 3316 519 3376 tamen
541 3315 583 3377 cis
605 3316 746 3395 praetulit
771 3315 862 3378 libros
885 3315 1096 3396 Diogeniani“:
1131 3317 1188 3378 boo
1217 3316 1298 3378 enim

152 3412 262 3493 ahquid
285 3421 364 3474 certe
379 3422 425 3474 est
446 3413 523 3493 quod
545 3413 713 3495 ingenue
735 3415 900 3476 fateatur
920 3414 1062 3495 scriptor:
1085 3408 1146 3475 οὐκ
1167 3409 1296 3498 ὐιινήσω

151 3507 240 3591 perol.
256 3508 444 3593 παρρησίας
467 3510 589 3586 εἰπεῖν,
613 3531 690 3591 quae
705 3512 794 3574 verba
817 3513 900 3575 aliter
915 3513 974 3574 vim
1000 3512 1113 3574 nullom
1128 3511 1296 3589 habebunt3

152 3628 220 3671 cnm
242 3628 317 3677 vana
349 3618 448 3673 autom
471 3611 605 3673 iactantia
632 3611 713 3673 addit
744 3608 831 3674 ἀλλὰ
857 3609 913 3673 καὶ
941 3609 1085 3673 πλείστα
1113 3602 1173 3690 οὐχ
1195 3608 1297 3694 οὐρῶν

151 3707 376 3789 προςτέθειιια
409 3727 442 3769 ea
471 3707 582 3771 scilicet
609 3727 683 3789 quac
716 3711 793 3791 apud
823 3709 1036 3790 Diogenianum
1068 3709 1178 3774 frustra
1206 3693 1295 3790 {puae-

152 3807 249 3879 οἱονεί,
272 3806 350 3886 apud
373 3805 504 3886 reliquos
527 3826 588 3869 non
611 3808 788 3889 quaesierat.

161 3955 164 3959 .
235 3905 296 3966 lam
331 3923 400 3967 vero
433 3924 531 3987 neque
567 3906 603 3968 ad
640 3907 823 3987 Epaonetum
861 3925 988 3987 propero
1026 3907 1149 3987 eiusque
1187 3907 1294 3969 hbrnm

151 3997 376 4086 ὀψαρτυτικὸν
404 4005 449 4065 vel
472 4004 551 4086 περὶ
575 4002 704 4083 ἰχθύαν
729 4006 812 4086 (inde
835 4027 859 4069 e.
883 4005 1211 4088 praemulseris
1234 4006 1294 4069 He·

152 4103 285 4181 sychins3
317 4101 354 4163 cl.
377 4101 471 4164 Ranli
494 4103 531 4164 do
553 4105 610 4164 lex.
634 4104 702 4166 Hes.
727 4124 756 4184 p.
779 4104 839 4167 too
856 4108 913 4183 sq.)
948 4122 1047 4185 noque
1080 4103 1115 4166 ad
1144 4104 1293 4184 aliosqni

151 4199 188 4261 do
224 4201 354 4280 piscibus
390 4220 479 4281 opera
516 4200 746 4286 καταλογάδην
789 4203 994 4266 condiderunt.
1047 4202 1162 4271 Sullloit
1205 4203 1292 4266 nobis

151 4300 230 4379 quod
252 4299 450 4379 Diogenianus
478 4319 511 4362 se
543 4319 630 4362 usum
658 4320 724 4363 csse
750 4302 849 4365 lexicis
872 4311 997 4365 testatur
1019 4321 1056 4363 ex
1079 4301 1291 4364 medicinarum

149 4397 344 4478 scriptoribus
378 4400 480 4461 tractis
514 4398 741 4480 (Hippocrateas
773 4401 915 4463 lectiones
948 4401 1080 4463 ostendit
1106 4400 1291 4469 Sohrnidtius
