2902 5040
605 322 847 428 5¹³⁷*

158 502 389 566 Aristotelis
416 502 460 562 de
482 499 705 563 animalibus
727 500 916 562 volumina
944 502 1097 562 collecta
1120 501 1156 562 in
1180 511 1296 586 artum

158 621 240 664 esse
273 601 336 675 ita,
371 609 409 685 qt
430 601 601 679 legentes
627 599 662 661 in
684 599 871 671 universis
892 617 1014 662 rerum
1036 609 1186 662 naturae
1209 603 1296 682 op'c-

157 702 262 764 ribus
299 700 492 781 medioque
528 698 588 777 (vir
619 708 717 771 recte,
752 715 788 760 an
824 694 1060 779 r'mmodicoqvell
1096 699 1297 763 clarissimi
1385 750 1388 769 ,

161 818 292 880 regum
316 799 480 862 omnium
504 792 688 860 desiderio
713 797 1251 878 breviterperegrinarentur.

241 897 453 960 Gravissimum
476 895 680 959 testimoninm
707 897 789 958 locus
816 896 865 959 ille
887 895 962 958 Plini
991 898 1028 959 dc
1049 897 1173 978 piscium
1189 898 1297 960 inimi·

156 994 464 1067 citiiscst:lll185,
497 1013 556 1076 quo
588 1004 723 1058 accurate
745 995 927 1057 Aristotelica
963 995 1047 1057 verba
1082 997 1204 1078 exprimi
1237 997 1295 1059 iam

156 1088 245 1178 supra
260 1095 486 1171 deelaravimus3
502 1095 547 1157 sin
564 1104 663 1157 eutem
680 1095 822 1160 intentius
838 1094 954 1175 legeris,
970 1095 1096 1157 omissas
1111 1115 1126 1158 a
1139 1095 1232 1158 Plinio
1247 1104 1296 1158 res

157 1197 229 1260 dues
245 1194 373 1268 videbis,
405 1202 434 1257 ct
455 1192 522 1268 boc,
551 1210 777 1276 nonnumquam
801 1194 890 1257 etiam
914 1212 1016 1274 pacem
1039 1196 1117 1256 inter
1139 1212 1294 1256 murenam

156 1302 188 1357 et
208 1311 354 1374 congttnn
378 1310 444 1356 esse
466 1292 621 1374 sociosque
642 1293 707 1355 fieri
728 1295 835 1374 lupuna
855 1302 885 1355 et
907 1292 1056 1373 mugilem,
1085 1301 1113 1355 et
1134 1293 1216 1364 illud,
1238 1292 1295 1353 vi·

157 1412 243 1456 vere
264 1408 315 1455 eos
337 1392 388 1471 qui
410 1392 533 1453 caudam
547 1391 702 1453 amiserint
724 1387 872 1468 (ζῶσιν
887 1386 1093 1475 ἀφῃρημένοι
1110 1390 1294 1469 Aristoteles)

156 1502 255 1572 neque
269 1490 357 1570 igitur
372 1489 559 1554 mortiterum
576 1507 709 1552 morsum
724 1510 797 1554 esse.
829 1490 932 1570 ltaque
948 1491 1060 1552 Plinius
1075 1489 1177 1569 ipsene
1192 1507 1295 1570 macca

155 1587 320 1653 breviavit?
348 1589 470 1651 minime
492 1607 578 1651 vero:
602 1589 702 1651 statim
726 1589 807 1651 enim
829 1588 1141 1670 addendum'putavit:
1165 1588 1295 1669 Nigidius

156 1680 477 1771 auderentprcerodere
489 1687 611 1751 condam
622 1689 723 1770 mugili
728 1688 827 1771 lupum
838 1690 1001 1771 eosdemque
1010 1691 1090 1752 stolio
1100 1688 1243 1750 mensibus
1251 1687 1294 1766 (id

155 1798 200 1852 est
225 1778 301 1851 ’κοτ’
331 1785 438 1860 dolove
468 1785 621 1870 καιρούς)
648 1790 799 1852 οοιιοονέιο
832 1806 897 1851 eoae.
944 1787 1048 1849 Omnes
1077 1797 1172 1848 notem
1199 1790 1294 1849 οἰοοτι

154 1889 254 1970 qulbus
283 1888 392 1949 candoe
419 1888 459 1947 sic
495 1896 685 1966 amputentur.
736 1887 840 1968 ltaque
872 1886 1003 1966 Nigidius
1037 1885 1157 1965 quidem
1194 1885 1292 1946 locum

155 1987 318 2051 Aristotelis
350 1987 470 2066 plenum
508 1985 677 2061 exhibebat3
714 1986 820 2066 quodsi
842 1985 955 2047 Plinius
978 1985 1166 2048 Aristotelem
1194 1983 1293 2064 ipsum

154 2086 348 2157 adhibuisset,
372 2085 407 2148 de
429 2085 484 2147 ista
506 2104 539 2150 re
559 2085 645 2165 plane
668 2104 728 2146 non
750 2084 806 2146 luit
828 2101 882 2146 cur
903 2083 1001 2163 Nigidi
1023 2092 1074 2146 aut
1097 2084 1219 2146 omnino
1241 2091 1293 2144 aut

153 2186 201 2249 bio
222 2183 428 2250 tautummodo
451 2200 563 2245 nomen
585 2184 757 2264 adponeret
795 2182 978 2246 ddbibuerat
999 2182 1175 2245 breviarium
1198 2181 1292 2261 graeci

153 2284 251 2366 operis
273 2283 390 2363 aliquod
406 2281 534 2362 indeque
548 2282 627 2344 bica
644 2281 759 2362 Nigidio
782 2301 844 2345 rem
868 2282 991 2344 eandem
1007 2280 1124 2362 excerpi
1143 2299 1182 2342 ne
1198 2281 1292 2341 sensit

153 2380 288 2464 quidem!
322 2380 427 2444 Elueet
452 2389 551 2442 autem
573 2381 630 2445 boo
651 2381 723 2443 illud
746 2400 811 2444 esse
829 2381 1007 2445 breviarium
1021 2379 1101 2461 quod
1116 2399 1169 2460 pro
1185 2378 1292 2441 lunda-

152 2486 254 2542 mento
287 2479 396 2560 ubique
418 2477 548 2560 ponebat
570 2477 683 2543 Plinius
717 2500 814 2562 neque
847 2481 982 2560 cuiquam
1014 2479 1045 2543 id
1078 2479 1137 2567 veri
1167 2477 1291 2540 similius

153 2597 243 2660 quam
266 2578 407 2659 Pompeio
430 2579 524 2657 Trogo
547 2577 704 2642 tribuetur.

236 2677 333 2758 Atque
347 2677 407 2740 iam
417 2677 599 2739 breviuscula
615 2679 763 2740 inseratur
774 2672 851 2740 Plini
861 2675 1084 2757 Aristotelisque
1099 2674 1290 2756 comparatio.

222 2772 279 2852 ‘ne
300 2789 421 2851 resecto
443 2788 558 2852 Plinius
579 2791 610 2851 in
631 2790 697 2872 ipso
719 2789 784 2854 libri
805 2788 845 2850 xi
868 2788 1005 2850 exorno:

175 2960 177 2964 ·
251 2927 365 2990 Multa
386 2928 480 2989 haec
502 2937 538 2991 et
561 2929 829 3010 multigenere3
851 2927 1097 2991 terrestrium
1120 2927 1290 2991 volucrum-

253 3047 311 3107 que
334 3025 407 3096 vita3
432 3027 507 3089 alia
529 3038 692 3107 pennata
715 3039 755 3091 ut
777 3046 878 3110 apes,
906 3027 979 3089 alia
1001 3035 1162 3108 utroque
1185 3029 1290 3092 modo

252 3132 290 3187 ut
321 3126 516 3197 formicae,
550 3127 674 3209 alique
697 3137 727 3189 et
748 3127 885 3207 pennis
914 3125 1088 3206 etpedibus
1121 3126 1290 3188 carentia

252 3232 290 3286 ut
310 3223 403 3298 *iuri3
425 3226 523 3288 omnia
545 3226 689 3290 insecta
711 3227 902 3308 appellata
923 3226 964 3288 ab
986 3224 1294 3305 incisurisqnae

163 3366 166 3374 ,
251 3341 354 3385 nunc
376 3324 580 3387 cervicium
602 3326 702 3399 loco,
724 3345 825 3389 nuno
846 3333 1044 3405 pectorum
1067 3333 1180 3405 atque
1202 3323 1288 3398 alvi,

251 3421 418 3500 praecincta
448 3435 625 3503 separant
654 3425 810 3488 membra
837 3428 921 3490 tenui
950 3427 1040 3489 modo
1063 3427 1161 3491 fistule
1176 3428 1288 3491 ,cobae-

255 3521 350 3582 rentia
367 3539 429 3602 eqs.
647 3536 649 3540 ’
1240 3543 1242 3549 ·
1280 3526 1282 3530 ’

150 3664 207 3738 Qui
230 3663 388 3725 emendare
403 3665 488 3727 verba
511 3675 707 3746 susceperunt
721 3668 906 3733 Aristotelem
923 3671 1027 3733 vellem
1048 3672 1225 3736 evolvissent
1239 3671 1289 3735 ubi

149 3763 222 3825 baec
249 3754 613 3845 suntp.523B17sq.:
647 3765 684 3828 τὸ
714 3764 752 3829 δὲ
781 3764 926 3852 έντέμων
957 3769 1078 3852 (γένος)
1110 3765 1130 3834 d
1159 3767 1291 3833 aeolici

150 3858 215 3943 οιαὶ
250 3855 425 3943 ἀνόμοιοι
453 3859 677 3946 περιείληφεν,
703 3864 775 3949 sidq
808 3863 906 3952 ζῴων.
961 3855 1047 3932 ἔστι
1077 3864 1109 3932 d'
1140 3867 1289 3951 ἔντομα

151 3951 224 4022 ὅσοι
254 3953 353 4021 aare}
384 3954 566 4043 τοῦνομοέ
595 3959 706 4027 ἔστιν
735 3961 907 4049 έντομάς
938 3965 1076 4048 ἔχοντα
1098 3964 1118 4052 ἢ
1140 3965 1180 4031 έν
1201 3977 1289 4041 τοῖς

150 4051 317 4131 ὑπτίοις
354 4055 374 4142 ἢ
414 4056 454 4122 ἓν
494 4069 579 4135 τοῖς
620 4065 817 4144 πρανέοιν
847 4062 866 4149 ἢ
895 4063 930 4128 έν
965 4058 1094 4151 οἷμφοϊν
1129 4064 1184 4128 καὶ
1215 4063 1289 4128 οὔτε

150 4147 291 4229 ὀστῶδες
322 4154 388 4236 ἔχει
418 4160 453 4221 ἓν
488 4157 724 4243 κεχωρισμένον
758 4159 831 4225 οὔτε
861 4161 1043 4248 cupediae,
1075 4161 1159 4228 ἀλλὰ
1187 4167 1288 4247 μέσον

150 4250 296 4339 ἆμφοῒνθ
331 4255 368 4318 τὸ
404 4257 499 4340 σῶμα
534 4256 594 4341 γὰρ
630 4252 753 4343 ὁμοίως
790 4259 845 4323 καὶ
876 4260 939 4326 ἔσω
970 4263 1025 4326 καὶ
1056 4261 1119 4337 ἔξω
1148 4260 1288 4347 σκληρόν

150 4351 241 4431 ἐστιν
261 4348 378 4419 αὐτῶν.
416 4353 562 4420 ἔστιδ’
586 4356 731 4443 ἔντομα
760 4359 827 4423 eorl
849 4358 1004 4448 ἄπτεροι
1034 4359 1122 4427 οἷον
1151 4361 1287 4436 ἰὀολος

151 4451 481 4540 καὶᾱοκολὸπινδροι,
506 4455 583 4520 «καὶ
612 4457 795 4543 πτερωτοὶ
824 4458 912 4526 οἷον
940 4460 1110 4546 μέλιττα
1139 4459 1194 4524 καὶ
1223 4484 1287 4546 μη-
