2902 5040
703 298 922 363 ..80..

244 473 274 535 id
295 474 373 554 quod
389 474 524 536 Thoanei
544 473 636 554 magis
658 474 726 536 libri
746 475 804 536 tide
828 474 933 536 nititur
949 474 1000 553 qui
1020 473 1120 536 habet:
1148 477 1175 534 ti
1187 473 1264 554 forte
1286 470 1392 554 uliquis

245 574 311 634 dour
330 583 457 652 pronote
478 585 539 634 reto
555 592 616 653 eqs.
661 574 755 653 Atque
781 574 909 654 aliquam
937 573 996 634 vari
1027 572 1156 652 speciem
1186 573 1218 635 iu
1250 573 1305 634 hist
1327 592 1392 634 osse

244 672 269 733 si
292 672 357 750 quis
380 672 530 750 agnoverit
555 673 688 751 ignoscet
717 673 795 752 quod
823 689 877 733 nos
907 690 1025 752 quoque
1055 674 1086 731 in
1115 670 1171 732 ista
1201 673 1276 733 olim‘
1303 672 1392 733 verba

244 771 415 832 iuravimus.
449 771 544 843 Quem
560 790 659 833 meum
677 789 808 833 errorem
829 771 897 851 quia
918 789 956 831 ne
973 769 1105 849 Zingerle
1127 769 1245 850 quidem
1262 770 1393 832 correxit

245 869 390 946 corrigere
412 870 470 930 iam
495 870 568 930 mihi
590 871 647 951 ipsi
671 869 857 932 concedatur.

328 969 365 1029 Et
406 968 537 1047 primum
575 977 675 1048 captat
708 969 733 1030 is
767 968 827 1028 veri
862 965 1135 1028 dissimilitudinem
1171 967 1222 1045 qui
1255 968 1391 1029 'lhuanei

244 1066 404 1146 scripturas
434 1066 713 1128 Vindobonensihus
745 1065 908 1145 anteponit.
964 1064 1074 1127 Taedet
1104 1065 1183 1125 euim
1215 1084 1392 1127 enumerare

244 1165 311 1226 vitia
327 1184 401 1244 quae
416 1165 464 1225 ille
479 1165 567 1226 hahet
587 1167 695 1227 horum
717 1164 838 1226 similia:
865 1164 983 1225 Etmoro
1008 1166 1109 1225 uccue't
1135 1162 1186 1224 ubi
1207 1164 1290 1225 Vind.
1311 1174 1393 1226 recte

245 1265 281 1325 Et
308 1281 405 1325 morsu
429 1266 523 1336 cerem
547 1282 626 1326 omos
644 1257 736 1344 pocot
759 1266 902 1342 captiuam
924 1265 1013 1324 mocio
1036 1260 1085 1322 ubi
1100 1260 1186 1324 Vind.
1203 1270 1299 1324 recte:
1323 1267 1392 1324 urei-

247 1380 308 1423 mos
326 1365 408 1440 pouit
435 1366 546 1442 coptt'oo
571 1366 705 1434 minutim
737 1365 846 1423 maiore
866 1379 972 1439 purum
994 1360 1045 1422 ubi
1060 1359 1146 1421 Vind.
1166 1371 1261 1423 recte:
1296 1365 1391 1424 motor

245 1479 390 1540 equorum,
435 1461 543 1522 Contra
564 1461 800 1522 vindobonensis
820 1479 970 1539 nusquam
991 1459 1117 1522 vincitur
1136 1478 1152 1520 a
1172 1458 1307 1521 Parisino
1335 1460 1392 1521 nisi

245 1558 276 1628 iu
296 1559 384 1619 rebus
403 1558 572 1630 levissimis
594 1560 772 1639 plerumque
792 1558 1036 1639 orthographicis,
1058 1567 1091 1620 ut
1110 1560 1206 1637 coepto
1225 1556 1314 1620 hahet
1336 1577 1392 1637 pro

245 1658 336 1737 septo,
371 1659 487 1720 caecidit
518 1676 572 1738 pro
601 1659 710 1729 cecidit,
744 1662 894 1738 imperavit
923 1675 976 1738 pro
1004 1659 1179 1736 impetravit,
1215 1656 1392 1717 creberrimo

245 1774 299 1834 pro
326 1757 524 1827 creberrume,
558 1760 674 1837 carpsitis
701 1776 755 1838 pro
782 1759 928 1837 expositis,
963 1756 1008 1817 Au
1028 1757 1087 1836 furt
1114 1755 1236 1816 Gratv.
1257 1755 1317 1815 104
1340 1753 1393 1815 ubi

245 1853 338 1915 Paris.
365 1865 416 1916 out
437 1858 496 1934 suit
525 1857 576 1917 sed
607 1866 618 1916 t
645 1855 724 1917 linea
754 1857 888 1928 traiecto,
915 1858 1042 1935 occoepit
1064 1872 1118 1934 pro
1140 1856 1257 1933 eucrepit,
1286 1872 1394 1932 mogun

246 1972 316 2032 poue
338 1973 392 2033 pro
415 1973 582 2034 neopuopue,
607 1955 734 2034 denique
757 1958 867 2017 vinceres
889 1954 940 2015 solt
965 1954 1028 2015 Hal.
1048 1954 1085 2015 13
1108 1952 1159 2014 uhi
1179 1951 1270 2013 Paris.
1296 1955 1393 2014 vincere

245 2053 296 2113 sud
331 2071 398 2114 cum
432 2053 588 2132 legendum
623 2053 661 2114 sit
690 2056 784 2114 otmeu
816 2052 874 2114 sed.
922 2052 1042 2114 decedit
1073 2052 1156 2112 locus
1190 2050 1242 2111 ubi
1272 2058 1392 2130 praeter

247 2151 349 2211 calami
375 2169 506 2212 errorem
533 2151 655 2213 Vindob.
682 2150 753 2211 item
783 2168 798 2211 a
824 2170 894 2212 vero
920 2150 1043 2230 propior
1072 2167 1137 2211 esse
1174 2167 1262 2230 quam
1293 2149 1392 2211 Paras.

242 2247 363 2310 ⁴ridetur
394 2248 475 2310 Grat.
503 2248 556 2310 34:
590 2248 715 2328 Optume
743 2247 913 2329 Cinyphiam
943 2269 1012 2311 nam
1042 2247 1210 2310 Parisinus:
1241 2244 1397 2326 Optuneuce'

246 2347 393 2425 npmplete,
419 2346 671 2408 Vindobonensis:
699 2357 818 2426 optumo
840 2348 1018 2428 ticiupplu'oe.
1061 2345 1212 2409 llillicilior
1236 2346 1320 2407 locus
1348 2353 1394 2406 est

248 2445 327 2507 Grati
343 2465 368 2505 v.
386 2443 425 2504 69
437 2463 502 2524 sqq.
519 2444 571 2524 qui
592 2429 631 2508 ita
654 2444 716 2508 fere
738 2446 770 2506 in
791 2445 892 2508 Vind.:

346 2606 414 2685 lpse
438 2606 509 2668 deus
533 2606 687 2685 cultorque
709 2605 764 2666 feri
787 2606 957 2684 Tirynthius
980 2605 1071 2679 orbis,

348 2705 443 2778 Quem
468 2723 548 2766 mare
571 2723 661 2784 quem
683 2704 772 2766 tellus
796 2724 885 2784 quem
906 2723 1047 2786 praeceps
1069 2704 1157 2767 ianua
1179 2702 1255 2767 Ditis

349 2801 455 2863 Omnia
478 2812 677 2883 temptantem
701 2821 757 2882 qua
779 2802 842 2864 laus
866 2811 929 2866 erat
952 2805 1036 2866 obvia
1059 2802 1170 2884 *passi,

346 2898 425 2961 Hinc
446 2901 536 2962 decus
559 2909 589 2962 et
611 2902 706 2963 lamae
728 2901 858 2991 primum
881 2903 1049 2983 impetravit
1071 2902 1228 2964 honorem.

247 3072 302 3133 Hic
326 3090 380 3152 pro
403 3077 484 3153 possi
506 3075 538 3135 in
564 3074 656 3135 Paris.
682 3083 728 3137 est
750 3041 800 3154 1111
822 3079 853 3136 ei.
901 3075 1131 3156 subposuerunt
1164 3077 1211 3138 alii
1236 3075 1394 3157 ineptiora,

248 3171 394 3251 llauptius
414 3192 502 3252 possa
524 3184 577 3247 est;
600 3193 661 3236 non
682 3173 753 3236 satis
774 3181 869 3246 certo,
890 3175 982 3236 immo
1002 3175 1092 3250 fals03
1120 3194 1186 3236 esse
1207 3175 1289 3237 enim
1305 3181 1394 3255 poeta

249 3270 397 3331 semideos
428 3272 544 3333 volehat
574 3273 721 3353 exempla,
752 3292 857 3352 quam
887 3291 1013 3353 magna
1044 3274 1208 3337 mercede
1237 3273 1278 3335 illi
1308 3273 1395 3335 silvas

249 3368 420 3449 impulerint
436 3370 564 3450 (ottih),
591 3370 631 3432 ita
659 3379 692 3433 ut
711 3370 868 3432 Herculem
889 3373 1011 3434 omnino
1032 3379 1236 3453 exspectemus
1256 3371 1395 3433 laboran-

249 3474 325 3526 tem:
350 3465 462 3539 „Quem
480 3487 569 3541 more,
593 3488 675 3550 quent
697 3469 796 3543 tellus,
819 3489 901 3551 quem
919 3490 1057 3551 praeceps
1074 3475 1172 3543 „tenua
1194 3471 1267 3533 Dttts
1291 3470 1397 3532 Omnia

249 3573 429 3643 temptantem
453 3586 509 3646 pua
531 3567 595 3629 tuus
610 3579 671 3629 erat
694 3568 777 3629 obvio
791 3570 920 3648 pressit“
942 3569 1084 3648 pergique
1098 3569 1244 3632 videatur:
1264 3568 1346 3640 Hinc,
1362 3576 1397 3630 ut

250 3663 303 3723 sit:
324 3681 385 3725 non
400 3664 459 3726 nisi
473 3667 542 3728 hinc
560 3669 658 3745 samoe
678 3669 842 3746 impetravit
856 3667 999 3729 honorem.
1016 3703 1052 3711 -
1073 3669 1157 3730 Unus
1173 3669 1256 3729 locus
1278 3673 1325 3728 est
1345 3666 1397 3730 uhi

249 3769 350 3839 aperte
379 3762 500 3824 meliora
529 3764 633 3844 legisse
663 3765 816 3826 videbatur
844 3765 978 3826 Thuanei
1007 3764 1160 3842 librarius;
1192 3765 1244 3827 sed
1275 3773 1397 3827 econtra

250 3859 467 3938 neglegentiam
487 3861 536 3922 ille
556 3861 658 3942 prodit
678 3862 886 3943 interpretum.
923 3863 1084 3944 Praecepta
1107 3865 1144 3926 de
1166 3863 1240 3926 cassi
1261 3863 1395 3925 facienda

251 3957 336 4037 ponit
358 3957 476 4020 Gratius
491 3977 518 4021 1.
535 3957 575 4018 25
589 3979 670 4040 sqq.:

351 4119 450 4182 Prima
471 4119 576 4182 iuhent
597 4121 682 4182 tenui
704 4129 877 4183 nascentem
901 4120 1024 4201 iungere
1045 4122 1094 4184 filo

351 4219 488 4279 Limhuni
512 4226 542 4280 et
564 4219 761 4300 quadruplicis
784 4227 934 4281 tormento
958 4221 1138 4299 adstringere
1160 4221 1283 4285 limbos:

350 4318 401 4396 llla
425 4335 550 4397 operum
573 4317 699 4397 patiens,
722 4319 769 4380 illa
792 4338 864 4382 usus
886 4319 962 4381 linea
983 4319 1073 4398 longi.

353 4416 438 4478 Tunc
452 4416 550 4498 ipsum
564 4418 664 4480 'medio
681 4423 792 4482 cassem
816 4418 868 4497 qui
890 4418 1022 4482 nascitur
1045 4436 1097 4481 ore
