2902 5040
615 305 961 417 -81-7'

254 484 313 548 Per
333 503 421 547 senes
443 484 555 547 circum
579 503 673 565 usque
696 484 782 547 sinus
803 483 966 564 laqueabis,
989 491 1023 545 ut
1045 500 1166 549 emnem

254 583 406 664 Geueipiat
427 592 511 663 tergo
532 584 557 645 si
579 583 736 664 quisquam
759 592 806 646 est
827 583 974 664 plurimus
996 583 1126 646 hostem.

150 711 194 773 lta
224 712 257 774 in
284 731 312 774 v.
334 712 375 774 28
405 712 568 774 Parisinam
599 711 804 774 membranam
834 721 1002 794 sequuntur
1030 713 1089 775 nisi
1119 715 1197 795 qued
1228 715 1300 776 baec

152 811 242 872 etiam
259 812 441 873 concordans
463 830 530 872 eum
546 812 672 873 vindeb.
693 831 748 891 pre
769 812 861 873 medie
882 811 1000 874 exhibet
1018 812 1164 874 eumedie.
1194 814 1299 876 Videa-

152 927 221 970 mus
246 908 525 989 interpretationem
552 909 668 989 qualem
684 908 789 972 Ulitius
806 910 1026 972 Wernsderlius
1049 911 1186 972 Sternius
1213 929 1300 974 cura-

151 1015 270 1069 verunt.
315 1006 407 1069 linea
433 1008 575 1082 eflicitur,
605 1008 635 1069 si
658 1007 742 1069 limbi
769 1018 909 1086 quattuor
934 1009 1018 1072 tenui
1044 1010 1094 1071 lile
1119 1010 1211 1073 iuneti
1237 1018 1301 1073 tor·

151 1113 283 1185 quemur
298 1114 329 1168 et
343 1106 576 1185 adstringuntur.
608 1106 686 1167 Hace
700 1106 776 1168 linea
793 1114 837 1169 est
853 1101 872 1170 e‘
888 1101 1101 1190 περίδρομος.
1130 1108 1192 1171 laru
1213 1110 1300 1172 audi:

150 1203 229 1266 Eum
252 1223 365 1266 cassem
381 1206 432 1284 qui
454 1205 490 1266 ab
512 1206 561 1267 ille
581 1205 750 1285 peridrome
766 1207 897 1268 nascitur
919 1208 1015 1269 medie
1039 1226 1104 1269 ere
1119 1203 1170 1288 (T),
1196 1207 1226 1269 id
1248 1215 1300 1270 est

151 1319 168 1364 a
197 1303 294 1365 media
319 1313 402 1383 parte
427 1304 588 1384 peridremi
614 1301 666 1382 (i),
698 1313 817 1384 oportet
846 1305 1096 1386 circumloqueere
1124 1324 1178 1385 per
1208 1324 1299 1367 senes

151 1401 236 1464 sinus
262 1403 308 1464 rel
337 1400 506 1481 segmenta!
551 1402 596 1463 Os
627 1403 682 1463 hee
711 1403 780 1482 quid
811 1403 867 1465 sibi
897 1404 966 1466 velit
993 1404 1165 1483 intellegere
1195 1422 1300 1466 vereor

151 1507 185 1562 ut
209 1500 406 1580 intellegentia
427 1501 654 1581 prudentiorum
675 1501 809 1563 sufficiat.
845 1503 883 1563 At
904 1503 1042 1565 norimus
1057 1502 1228 1582 peridrome
1250 1523 1300 1564 or-

150 1598 220 1660 bern
242 1598 333 1674 ellici;
354 1598 452 1680 itaque
475 1599 541 1661 erbe
563 1597 745 1661 substituere
769 1600 889 1664 festina.
933 1604 1031 1681 Atque
1052 1601 1112 1663 iam
1133 1601 1301 1682 acquiescat

150 1697 219 1777 quis
232 1696 358 1759 forsitan
375 1696 411 1758 ,in
427 1696 559 1759 Parisina
582 1697 722 1760 lectione:
747 1698 844 1772 „Tum
866 1700 966 1779 ipsum
989 1718 1104 1762 cassem
1126 1699 1179 1780 qui
1202 1700 1299 1762 medio

149 1796 247 1858 lineae
270 1795 341 1858 orbe
367 1796 499 1858 nascitur
529 1796 814 1877 circumlaqueabis“
839 1817 901 1878 eqs.
946 1798 1004 1860 Sed
1031 1798 1102 1860 haee
1130 1817 1164 1860 ex
1186 1798 1298 1861 Vinde-

150 1892 278 1958 benensi
299 1895 434 1957 restituta
457 1895 523 1974 qrris
546 1912 606 1956 nen
629 1904 659 1956 et
680 1895 860 1974 elegantiora
892 1915 956 1958 esse
979 1904 1009 1957 et
1034 1896 1150 1958 veriora
1174 1896 1298 1959 renuet:

252 2005 338 2069 Tunc
358 2006 457 2086 ipsum
480 2026 497 2067 e
520 2007 618 2068 medie
640 2024 763 2079 cassem,
787 2026 856 2087 que
880 2008 1019 2086 nascitur,
1043 2009 1134 2071 erbe

253 2105 310 2167 Per
331 2123 422 2168 senes
444 2106 555 2168 circum
577 2123 671 2184 usque
692 2105 777 2166 sinus
800 2105 948 2185 laqueabis
963 2126 1026 2187 eqs.

151 2229 428 2311 Circumlaqueatur
460 2230 551 2292 cassis
578 2251 595 2292 e
629 2229 727 2291 medie
757 2229 943 2310 peridrome,
977 2230 1028 2292 ubi
1061 2231 1125 2311 ipse
1157 2231 1298 2304 nascitur,

149 2344 248 2408 usque
269 2330 305 2392 ad
320 2329 522 2409 peridremum
537 2347 591 2409 per
606 2347 696 2391 senes
710 2329 810 2404 sinus3
832 2338 920 2411 atque
941 2331 980 2392 ita
1003 2338 1145 2410 tergum
1161 2330 1211 2409 (ef.
1226 2331 1300 2394 Ver·

152 2426 203 2507 gili
218 2427 289 2489 Aen.
304 2427 331 2487 X
347 2428 423 2508 784)
446 2428 574 2490 efficitur
596 2429 641 2490 vel
665 2423 685 2491 ὁ
712 2423 924 2512 κεκρύφαλος.

238 2527 278 2588 Ut
312 2545 382 2588 rere
416 2526 647 2589 Halieutieerum
686 2528 859 2590 memoriam
895 2528 1071 2591 resuscitem
1105 2527 1298 2591 Heinsianum

151 2624 223 2686 illud
239 2627 353 2706 siferte
369 2626 480 2707 ela'pru's,
497 2627 565 2688 dem
577 2635 741 2706 praenotet,
757 2636 855 2688 crete.
871 2672 877 2686 .
892 2671 899 2687 .
914 2630 946 2688 ab
960 2630 1065 2689 elmlea
1080 2628 1158 2697 vidit,
1174 2627 1299 2706 praebet

152 2723 241 2785 etiam
272 2726 352 2804 qued
384 2742 502 2804 carpas;
536 2725 626 2787 nimis
656 2725 737 2786 enim
770 2725 841 2786 illud
872 2720 951 2786 crete
979 2728 1085 2786 umine
1115 2725 1298 2800 distractum,

151 2829 241 2902 atque
262 2823 298 2885 de
313 2832 468 2904 praenotet
492 2829 526 2885 ut
553 2824 588 2885 ad
604 2821 680 2884 Plini
696 2822 735 2885 lX
754 2823 812 2884 146
839 2832 869 2884 et
894 2823 931 2885 ad
956 2822 1183 2903 praenavigandi
1209 2841 1299 2884 usum

152 2921 318 2997 mittamur,
345 2930 445 2984 tamen
472 2923 571 2984 minus
599 2924 668 2984 dum
686 2931 841 3003 preeemet
866 2939 954 3002 quam
978 2925 1029 3002 ροο·
1041 2921 1234 3001 pomaeo
1253 2921 1299 2983 di·

152 3020 279 3082 cendum
295 3020 358 3082 tuit.
391 3020 484 3082 Perre
500 3022 569 3082 dum
583 3022 701 3102 planam
717 3022 853 3083 reculam
868 3020 975 3083 abiisse
997 3021 1029 3080 in
1050 3020 1193 3081 domoon
1208 3019 1298 3080 nimis

150 3120 213 3181 reri
228 3120 334 3194 simile,
358 3120 487 3200 denique
502 3130 616 3183 uetaret
631 3121 712 3200 quod
734 3120 861 3183 traditur
876 3126 972 3181 metro
995 3119 1126 3182 clausula
1147 3117 1300 3199 aptissima

151 3226 208 3284 est.
238 3219 486 3282 Proficiscendum
510 3227 556 3280 est
578 3218 614 3282 ab
638 3220 749 3300 aliquas.
780 3220 893 3299 Nempe
916 3219 968 3300 qui
989 3218 1026 3281 ad
1048 3236 1164 3280 scarum
1181 3216 1301 3279 accedet

151 3336 215 3382 nen
237 3318 372 3398 aliquis
394 3336 496 3379 scarus
520 3317 584 3390 erit,
606 3318 658 3379 sed
680 3318 782 3380 alius.
820 3319 883 3379 Hoc
905 3337 961 3380 usu
984 3318 1125 3380 doeemur
1147 3315 1298 3396 loquendi,

150 3417 294 3480 doeemur
316 3417 404 3479 etiam
426 3436 442 3478 a
464 3415 559 3479 Plinio
582 3416 633 3495 qui
654 3416 754 3480 lecum
777 3425 915 3479 nestrum
944 3416 986 3478 ita
1013 3415 1174 3496 expressit:
1198 3433 1299 3497 „quem

149 3517 296 3580 luctatum
317 3519 378 3577 etus
400 3515 425 3576 si
447 3516 525 3577 forte
547 3515 620 3577 alius
642 3534 742 3578 scores
764 3519 940 3580 eetrmseees
962 3514 1095 3589 videat“;
1118 3533 1216 3594 neque
1238 3532 1299 3576 neu

151 3613 189 3677 ab
217 3613 353 3695 Oppiaue
379 3613 430 3694 qui
456 3613 555 3676 habet:
582 3609 724 3676 πολλάκι
751 3610 790 3675 δὲ
810 3657 818 3674 .
836 3659 869 3674 ..
891 3604 990 3696 οὐρὴν
1017 3609 1133 3684 ἄλλος
1159 3608 1299 3694 ἔμαρψε.

150 3713 249 3793 Atque
283 3712 326 3774 sie
353 3711 446 3776 nactis
472 3712 559 3775 nobis
588 3712 668 3774 unde
690 3711 818 3791 pendeat
849 3720 966 3774 emeret
979 3711 1027 3792 ,ad
1062 3710 1300 3775 emendationem

151 3811 221 3874 talis
242 3819 364 3890 paratus
387 3827 489 3873 versus
513 3816 572 3874 est:

253 3921 331 3995 Quin
354 3921 442 3983 etiam
466 3921 491 3983 si
512 3920 588 3982 ferte
610 3921 684 3982 alius
708 3920 759 4001 qui
780 3921 905 4001 dampre
929 3926 1055 3982 nataret

152 4032 319 4095 luseramus
343 4033 434 4106 Plini,
461 4033 571 4114 inquis,
599 4037 787 4105 eetueseeus,
816 4033 967 4096 Plutarchi
985 4029 1134 4106 ἔξωθεν,
1162 4027 1300 4093 ἔκτοθεν

154 4130 292 4212 Oppiani.
331 4133 461 4194 Frustra.
505 4132 551 4195 bn
572 4134 695 4195 subesse
719 4133 833 4195 eredas:
856 4137 906 4214 qui
925 4134 964 4195 ed
985 4140 1043 4194 rete
1064 4134 1174 4192 noterit
1194 4129 1240 4191 vel
1262 4127 1301 4190 ed

153 4231 282 4294 elaustro
315 4233 361 4294 vel
394 4232 431 4294 od
464 4232 625 4312 quodquod
653 4233 733 4294 veles
760 4240 812 4294 aut
837 4233 967 4313 denique
994 4235 1045 4313 qut
1066 4235 1142 4310 poue
1167 4224 1299 4290 uatem'tP

150 4331 257 4413 ltaque
278 4339 364 4395 caute
386 4350 517 4410 agamus,
541 4331 661 4411 vestigia
680 4332 846 4395 litterarum
864 4350 1052 4413 premamus.
1097 4329 1196 4391 Unum
1220 4327 1300 4407 qued

151 4430 298 4512 seriptum
320 4430 391 4492 olim
413 4431 506 4493 fuisse
527 4447 588 4494 neu
607 4439 705 4512 petest
723 4448 779 4512 pre
801 4431 910 4512 syllaba
933 4438 994 4508 est;
1017 4445 1111 4493 unum
1133 4427 1196 4493 fere
1219 4427 1300 4489 unde

205 4529 296 4583 Birt,
317 4527 347 4574 de
360 4527 505 4575 haueutieis.
1121 4529 1137 4583 6
