2902 5040
707 318 930 383 -73-

246 502 285 562 ita
317 500 427 561 relerre
459 504 494 560 ut
527 495 702 558 cribellatum
728 499 841 576 spinam
873 496 980 558 habere
1012 495 1141 559 anthiam
1173 496 1260 560 dicat.
1306 497 1391 560 Unde

246 601 322 662 banc
353 595 477 661 vocem‘.l
516 596 686 657 Memoriter
707 613 740 656 ea
773 595 867 675 repeti
897 615 933 656 ex
964 596 1097 658 eiusdem
1121 595 1239 656 videl
1275 595 1392 658 videtur

246 707 350 776 estque
384 696 413 758 id
446 695 530 774 quasi
556 694 664 774 pignus
688 701 768 755 recte
794 693 851 755 boc
881 713 1000 774 quoque
1026 695 1092 755 loco
1122 693 1153 754 iu
1180 694 1294 774 optimo
1329 712 1391 755 uno

246 795 437 858 lliccardiano
458 793 552 855 tradi:
575 792 795 872 (delphinorum
814 793 913 869 dorso)
936 792 1083 856 cultellata
1104 795 1176 854 inest
1193 795 1277 872 spino
1298 791 1393 871 (velut

244 895 322 957 inlra
347 894 450 955 etiam:
474 891 572 952 oleum
592 891 647 953 illu
667 899 764 952 secem
780 891 885 970 spino).

330 991 482 1071 Oppianus
512 989 548 1050 de
577 1007 660 1050 scaro
689 987 874 1050 nobilissimo
904 988 984 1067 pisce
1013 988 1135 1053 uberior
1161 997 1206 1051 est
1230 999 1391 1070 narratque

245 1089 375 1170 primum
397 1105 556 1149 commune
577 1087 668 1148 scaris
687 1087 787 1150 hami
814 1087 965 1166 effugium,
991 1088 1099 1151 deinde
1121 1089 1156 1149 ad
1176 1095 1239 1149 rete
1264 1088 1390 1160 traneit3

244 1189 352 1250 latinus
367 1194 454 1267 poeta
468 1187 541 1247 haec
555 1185 678 1265 recepit,
698 1185 747 1248 illa
763 1185 873 1247 omisit.
910 1186 1013 1266 itaque
1028 1185 1181 1266 Oppianus
1197 1185 1233 1247 lV
1251 1183 1292 1244 49
1305 1202 1389 1265 squ:

346 1279 429 1346 οὔτε
454 1281 516 1363 γὰρ
542 1281 581 1357 ἐς
606 1280 762 1366 κύρτοιο
790 1285 888 1367 πέσῃ
915 1279 1032 1363 λόχον
1057 1282 1171 1357 αἰόλος
1198 1274 1308 1362 ἰχθῦς

345 1377 451 1444 αὐτίκ’
473 1374 676 1465 ἕπεφροέσθη
701 1404 738 1444 τε
763 1380 819 1443 καὶ
845 1379 980 1446 ἐκδῦναι
1006 1372 1185 1466 κακότητος

345 1480 516 1560 πειρᾶται,
542 1481 689 1563 τρέψας
712 1477 753 1540 dl
779 1472 883 1541 κάτω
907 1477 1052 1562 κεφαλήν
1072 1504 1108 1543 τε
1130 1482 1186 1545 καὶ
1210 1481 1290 1548 ὄσσε
1381 1525 1387 1537 ·

346 1575 524 1658 ἔμπαλιν
545 1577 602 1650 εἰς
625 1572 740 1660 οὐρὴν
762 1574 958 1661 ἀνανήχεται
982 1582 1093 1662 ἕρκος
1115 1577 1300 1665 ἀμείβων.

344 1678 487 1757 ταρβεῖ
508 1674 570 1757 γὰρ
594 1677 778 1754 σχοίνους
799 1671 979 1759 ταναηκέας
1005 1681 1043 1739 oti
1067 1678 1217 1745 πολεοῖσι

344 1768 697 1857 οἷμφιπεριφρὶσσοοσι
723 1772 779 1836 καὶ
806 1769 1001 1846 οὗτοὶζοοσιν
1024 1767 1194 1851 ὄπωπας

345 1867 485 1934 ἀντίον
507 1866 750 1953 ἐρχομένοιο.

246 1969 328 2041 Quae
351 1970 391 2030 ita
412 1969 503 2030 latine
526 1970 634 2050 scripta
657 1979 727 2032 sunt
742 1990 769 2031 v.
786 1970 901 2052 9sqq.:

547 2067 596 2128 Sic
618 2077 649 2130 et
671 2088 799 2132 scarus
822 2078 884 2133 arte
907 2069 962 2131 sub
986 2070 1073 2132 undis

346 2166 377 2227 Si
399 2168 523 2243 nlassa
546 2176 649 2246 captus
672 2168 708 2230 de
730 2187 792 2248 spe,
814 2169 943 2248 piscator
966 2176 995 2230 et
1017 2168 1101 2248 ipsu]

344 2265 458 2326 Decidit
479 2265 672 2345 adsutamque
695 2269 763 2329 dolo
785 2269 905 2330 taudem
928 2275 1015 2349 pavet
1036 2288 1145 2342 escam,

345 2363 428 2424 Nou
451 2362 567 2424 audet
587 2359 702 2426 radiis
725 2367 858 2429 obnixa
880 2385 1078 2431 occurrere
1102 2367 1244 2438 fronte,

345 2463 510 2524 Aversus
534 2461 667 2525 crebro
689 2465 806 2526 vimen
828 2464 879 2526 sed
903 2464 1025 2526 verbere
1048 2465 1181 2528 caudae

344 2559 457 2623 Laxans
481 2561 724 2642 subsequitur
746 2569 906 2642 tutumque
929 2562 1024 2625 evadit
1046 2563 1076 2623 in
1099 2579 1219 2642 aequor.

243 2661 346 2739 ltaque
379 2677 438 2722 nou
468 2662 553 2722 audet
585 2662 664 2723 idom
699 2662 778 2742 quod
812 2663 945 2744 ταρβεῖς
987 2669 1115 2739 σχοῖνοι
1145 2663 1237 2734 rodii·
1273 2652 1391 2725 a’vclou

245 2755 404 2840 ἔρχεσθαι
420 2761 527 2822 obuius
549 2761 826 2840 occurreresrome3
847 2760 973 2842 τρέψας
992 2756 1031 2820 δὲ
1051 2754 1138 2821 κάτω
1161 2778 1295 2832 comeum
1318 2779 1390 2823 cau-

246 2858 313 2918 dam
341 2877 459 2939 quoque
489 2867 636 2921 memorat
667 2858 837 2938 Oppianus,
872 2857 1042 2920 verberibus
1074 2859 1200 2922 omissis.
1240 2860 1335 2940 Igitur
1358 2862 1390 2925 in

244 2956 339 3035 capite
360 2957 527 3018 sententiae
546 2966 627 3019 recte
645 2957 736 3018 locari
760 2960 910 3036 sigraeco
936 2958 1070 3037 exemplo
1096 2958 1254 3038 probatur3
1283 2963 1389 3023 eodem

244 3055 473 3117 commendatur
492 3074 609 3117 nassum
633 3057 724 3118 latere
747 3055 801 3118 sub
817 3056 912 3118 littera
927 3074 958 3116 o.
999 3055 1138 3119 Desidere
1164 3065 1262 3121 autem
1285 3043 1396 3124 scarus

245 3153 294 3232 qui
325 3160 440 3234 poterat
469 3154 501 3215 in
531 3151 640 3216 nassa?
676 3155 734 3215 Aut
764 3155 840 3216 male
867 3162 1043 3235 corruptum
1075 3155 1174 3217 decidit
1194 3163 1239 3218 e'st
1267 3165 1319 3219 aut
1347 3158 1390 3219 ita

244 3253 449 3332 accipiendum
479 3259 513 3313 ut
542 3270 599 3314 nos
628 3253 808 3331 accepimus3
848 3259 912 3314 tum
943 3271 1012 3314 vero
1041 3254 1079 3314 de
1110 3253 1215 3316 lacuna
1243 3255 1389 3336 explenda

243 3367 304 3412 non
327 3350 418 3412 nimis
440 3357 543 3413 contra
562 3370 611 3412 me
634 3351 826 3431 pugnabitur.
867 3351 1077 3413 Duriusculum
1092 3370 1165 3414 sane
1187 3362 1249 3415 urie
1264 3354 1295 3415 in
1309 3373 1338 3415 v.
1354 3352 1390 3431 9;

243 3457 345 3509 tamen
372 3450 475 3511 durius
502 3456 582 3511 esset
607 3448 706 3520 etiam,
735 3449 760 3510 si
782 3451 814 3511 in
834 3469 860 3510 v.
880 3450 918 3510 10
947 3468 1050 3512 uussoe
1078 3450 1222 3513 scriberes
1249 3459 1283 3513 ut
1309 3461 1390 3515 esset

243 3547 443 3626 iungendum:
477 3549 522 3621 „si
548 3555 610 3609 arte
635 3567 738 3610 nassae
760 3552 897 3628 captus“;
927 3549 1035 3629 duplex
1061 3550 1204 3612 ablativus
1228 3551 1267 3612 ad
1293 3551 1388 3630 parti-

245 3647 356 3726 cipium
372 3665 434 3708 non
449 3647 533 3726 peius
548 3647 716 3726 ponebatur
731 3665 819 3726 quam
835 3647 906 3709 illud
921 3658 1025 3728 septem
1039 3651 1138 3728 spatiis
1153 3650 1227 3711 α’ττο
1242 3648 1275 3709 in
1289 3668 1315 3709 v.
1334 3647 1389 3726 683

243 3763 291 3807 ars
321 3752 421 3807 autern
446 3746 519 3806 baec
547 3745 596 3807 illa
626 3754 673 3807 est
697 3745 729 3807 in
755 3764 811 3825 qua
838 3746 970 3808 laborem
995 3765 1085 3808 suum
1111 3766 1143 3810 se
1168 3764 1281 3828 ponere
1300 3755 1390 3827 poeta

244 3845 349 3905 clamat
364 3862 390 3903 v.
407 3842 457 3904 82.
495 3843 631 3923 Denique
657 3843 736 3922 quod
761 3843 891 3905 iuv.1l
921 3845 1048 3907 traditur
1075 3845 1240 3924 antiquitus
1266 3845 1390 3913 adsum.-

238 3953 345 4021 ptupue
368 3941 441 4013 dolo,
466 3942 523 4005 nisi
550 3943 613 4005 dolo
638 3942 798 4004 adderetur
818 3941 969 4004 laudarem
990 3942 1185 4022 adsumptam
1214 3961 1281 4005 esca
1306 3941 1389 4009 enim

242 4039 320 4112 baec
336 4057 397 4100 non
419 4040 497 4114 dolo,
523 4041 576 4102 sed
601 4040 716 4102 incuria
742 4040 924 4117 adsumitur;
951 4041 1061 4104 accedit
1081 4041 1160 4121 quod
1187 4039 1278 4102 etiam
1304 4057 1388 4107 scaro

242 4136 353 4198 femina
379 4156 433 4217 pro
460 4157 524 4201 osca
556 4139 719 4217 piscatores
750 4139 926 4201 utebantur:
953 4139 1031 4201 banc
1056 4141 1145 4202 etiam
1177 4137 1278 4202 miuus
1300 4138 1388 4201 dolus

198 4246 200 4248 ·
242 4235 413 4317 sumpserit.
458 4237 545 4310 Quod
568 4246 666 4299 autem
686 4237 839 4317 ingeniose
859 4237 1063 4316 excogitarunt
1097 4237 1284 4317 adsuetamque
1315 4235 1388 4311 bolo,

241 4334 377 4395 laudasse
402 4351 450 4394 me
475 4333 548 4396 satis
569 4335 622 4411 sit3
643 4335 739 4399 tutius
760 4336 840 4399 enim
863 4335 927 4416 ipse
943 4336 1015 4399 mibi
1034 4336 1104 4399 iisse
1118 4343 1282 4416 praeeunte
1297 4334 1387 4401 Ulitr'o

242 4430 353 4495 videor.

157 4722 248 4744 a*
