2902 5040
559 306 780 370 „25-

93 484 181 547 aliter
215 489 304 563 atque
332 483 369 544 in
394 482 503 545 -llorati
535 501 626 545 carni.
649 483 676 555 l,
693 482 734 543 37
757 502 782 544 v.
810 482 858 551 14,
891 481 942 543 ubi
969 490 1049 543 certe
1077 501 1138 545 non
1160 503 1241 547 veros

94 581 409 662 timorem-scripsisset
431 588 527 662 poeta
542 628 547 635 .
561 581 620 644 nisi
649 581 824 661 lymphatam
851 591 971 642 modom
993 582 1128 661 praeiret.
1178 585 1239 646 lam

95 698 166 743 nero
189 678 450 745 amentiamhanc
470 686 560 759 atquo
580 679 865 761 perniciosissimum
894 697 985 760 quem
1013 681 1163 759 praedicat
1186 684 1239 744 Se·

95 798 175 842 nem.
191 777 415 841 animistatum
437 778 685 857 semperadosse
708 776 885 840 animalibus
908 779 959 859 qui
985 778 1054 839 dicit
1073 779 1109 841 iis
1131 780 1240 859 quibus

95 877 202 949 simul}
215 877 321 939 ilatum
354 875 426 939 dicit
457 895 473 937 a
499 885 613 939 natura
651 877 764 938 sentire
802 877 965 956 perniciem
1004 894 1038 938 ac
1071 878 1239 954 defendere,

96 981 201 1041 remor
216 993 270 1039 .ne
294 976 411 1039 mmido
438 994 490 1051 ore
523 975 658 1055 et.qnasi
679 976 744 1056 ipae
771 975 938 1055 lymphatus
965 976 1074 1037 dixisse
1097 977 1238 1040 videatnr.

95 1075 143 1138 ita.
162 1092 338 1155 ,quaenam
362 1078 430 1136 rere
461 1073 581 1137 rabiant
599 1074 725 1136 bestiae
757 1093 772 1136 a
805 1074 878 1135 Silio
906 1082 994 1155 poeta
1029 1075 1160 1137 docearis
1193 1077 1240 1139 oui

93 1171 360 1254 lpmpbatitbovcs
388 1171 639 1234 illinllannibalis·
658 1172 791 1234 audiunt
814 1174 995 1252 quorum-in
1019 1174 1156 1236 cornibus
1179 1174 1240 1237 rir-

94 1269 351 1349 gulta..tlagrantia
367 1269 430 1347 dua
452 1277 551 1345 erant:
573 1270 632 1343 vlt,
648 1288 675 1330 v.
700 1270 771 1331 357.
798 1316 800 1321 .

104 1418 111 1429 ..
133 1424 136 1428 .
162 1368 215 1433 .1n
242 1368 332 1430 rabi
352 1367 490 1447 Ilegimus
512 1386 577 1443 raon
606 1387 679 1430 rano
703 1370 818 1449 ferocia
844 1371 958 1443 meatim
988 1370 1108 1432 haereas
1136 1371 1240 1445 volim3

95 1468 177 1531 haesi
208 1486 261 1547 ego
283 1472 379 1529 ..certe
399 1468 545 1545 miratus,
570 1468 649 1548 quod
689 1485 749 1530 non
790 1469 891 1548 potius
926 1472 1032 1530 iasone
1067 1470 1172 1549 legitur
1211 1478 1241 1533 et

95 1566 228 1645 putidam
252 1567 429 1646 scripturam
453 1584 574 1627 cernere
597 1574 690 1627 ratus.
736 1567 830 1628 Credo
853 1566 934 1629 enim
961 1568 991 1629 id
1014 1568 1094 1648 qnod
1116 1569 1241 1631 tirmiter

95 1663 196 1737 dicere
217 1682 332 1744 ,parum
361 1664 459 1737 adhuc
485 1665 641 1744 adparatus
675 1684 742 1729 snm
774 1665 983 1727 necessitatem
1015 1672 1045 1726 et
1079 1665 1240 1745 elegantiae

95 1761 230 1824 studium·
248 1761 306 1839 hac
326 1762 356 1822 in
379 1762 474 1824 reita
497 1762 668 1829 conciliasse
689 1771 799 1843 poetas,
827 1771 861 1826 ut
887 1781 941 1844 pro
962 1768 1065 1826 mecam
1093 1765 1240 1827 similibus

94 1879 158 1922 aona
172 1879 278 1935 sonum
299 1859 405 1929 similia
426 1877 488 1923 non
508 1870 657 1940 ponerent
686 1863 742 1925 nisi
765 1870 815 1925 aut
841 1863 933 1925 vocali
953 1871 1005 1925 aut
1030 1863 1136 1942 syllaba
1158 1862 1240 1926 brevi

93 1957 297 2033 antecedente.
342 1957 386 2019 lta
401 1967 446 2018 est
460 1960 524 2021 Art
544 1959 608 2023 Am.
629 1959 665 2032 ll,
688 1959 764 2022 508:
798 1961 855 2023 Nec
877 1981 931 2023 suo
951 1978 1010 2023 coo
1030 1967 1241 2042 saausscriptc

91 2066 176 2137 pocta
196 2056 278 2136 tepet.
323 2055 391 2119 Met.
416 2054 600 2128 ·v111„865:
634 2059 719 2119 acido
752 2075 811 2120 oca
841 2063 917 2120 iusto
950 2059 1087 2122 alimenta
1115 2064 1239 2140 parenti

93 2154 162 2227 liet
186 2153 235 2227 111,
260 2152 335 2230 1753
359 2153 414 2214 Per
434 2172 535 2217 cemos
557 2159 685 2234 abactam
705 2173 765 2217 occ
786 2160 869 2218 certis
880 2157 1012 2237 passibus
1026 2175 1138 2219 errans·
1161 2159 1239 2221 Fast.

93 2253 115 2324 l,
137 2253 216 2328 506:
244 2250 333 2321 Pinea
354 2271 414 2315 coo
434 2271 505 2315 sano
532 2256 666 2334 torpedo
692 2266 772 2318 tecto
797 2255 876 2336 ferit.
920 2256 979 2318 lbis
1003 2255 1080 2316 322:
1119 2256 1240 2321 Volnera

93 2367 151 2410 coo
171 2351 245 2431 fidos
266 2355 416 2430 emperiam
438 2361 496 2413 tuo.
541 2353 618 2413 Fast.
642 2353 690 2425 Ill,
722 2353 801 2414 1392
833 2352 956 2415 Do'merat
983 2365 1009 2416 et
1033 2354 1151 2434 plenum
1181 2373 1240 2416 oon

92 2449 190 2526 firmis
211 2449 326 2510 oria'bus'
339 2448 447 2522 amcam
468 2446 605 2523 Sustulit;
628 2451 666 2510 cf.
683 2449 769 2512 etiam
785 2451 864 2512 Fast.
880 2451 902 2523 l,
928 2452 1004 2511 147:
1025 2463 1172 2534 protesque
1189 2455 1239 2516 deo

93 2563 151 2607 coro
164 2538 290 2607 territus
303 2549 348 2625 epi
368 2555 447 2607 etex
464 2546 560 2608 Ponto
576 2546 596 2617 l,
614 2547 642 2620 5,
657 2548 713 2607 ll:
735 2549 862 2610 stodiam
883 2567 941 2609 coa
961 2548 1031 2610 utile
1052 2568 1143 2623 servo,
1172 2571 1239 2613 cum

92 2649 194 2705 tamen
215 2644 302 2704 versu
325 2642 392 2705 liet.
408 2644 475 2717 XV,
500 2643 574 2705 103·
588 2646 632 2706 uti
654 2658 714 2706 non
738 2647 822 2707 liceat
850 2647 960 2728 quippe
983 2647 1030 2709 cui
1052 2649 1162 2710 inutilis
1183 2667 1239 2728 pa·

93 2760 159 2803 rnm
172 2741 405 2822 aptnm'fuisset
433 2742 545 2823 ‘Neque
561 2744 637 2823 apud
651 2743 798 2805 Nasonem
815 2741 871 2803 ridi
894 2743 964 2822 quid
989 2752 1091 2806 contra
1114 2744 1239 2822 lacerem

94 2841 144 2900 sed
179 2840 251 2902 libet
285 2841 385 2902 etiam
404 2840 596 2904 Horatianum
625 2842 694 2914 illud
730 2844 908 2902 memorare:
950 2841 976 2902 O
1003 2861 1052 2923 epo
1079 2862 1137 2905 ooo
1162 2845 1239 2924 felia

93 2938 185 3018 Epod.
209 2937 338 3011 x11‚t5,
361 2938 535 3002 ubi'tame‘n
558 2954 634 3019 quae
657 2940 762 3000 similia
786 2940 933 3002 Bentlcins
957 2940 1112 3021 adscripsit
1133 2942 1239 3005 inferi-

95 3036 195 3098 oribus
218 3035 412 3115 scriptoribus
435 3036 599 3112 debentur3
624 3037 709 3099 sicuti
733 3056 903 3118 comparare
925 3038 1013 3100 etiam
1036 3040 1146 3118 possim
1170 3061 1194 3102 e.
1211 3060 1237 3122 g.

95 3133 208 3196 Lucani
220 3134 338 3195 versum
362 3135 393 3204 V,
409 3134 473 3196 58:
490 3134 536 3197 lia
551 3137 603 3197 tibi
614 3144 673 3198 aad
683 3137 757 3218 fidae
770 3142 860 3218 pectis
874 3138 1032 3217 dipoissime
1046 3156 1133 3217 repoo
1149 3146 1238 3220 atque

95 3252 128 3293 ex
143 3231 270 3294 Leandri
292 3233 419 3312 epistula
438 3250 556 3294 versum
583 3230 657 3295 190:
681 3245 733 3297 out
752 3254 797 3297 me
819 3235 856 3296 la
876 3239 954 3316 freto
975 3254 1035 3297 oon
1056 3246 1156 3297 cautus
1177 3248 1238 3300 tum

94 3348 201 3412 pooqoce
234 3334 323 3392 radten
355 3347 447 3410 amor.
500 3332 643 3413 Suspicor
674 3334 765 3414 igitur
798 3333 1028 3397 Halieuticorum
1062 3335 1237 3415 scriptorem

93 3428 237 3507 nesciisse
254 3429 427 3508 elegantiam
457 3446 518 3491 non
547 3432 743 3494 necessariam
765 3448 981 3512 nonnunquam
1003 3437 1063 3493 nou
1087 3452 1153 3495 esse
1176 3436 1236 3497 ele—

94 3526 234 3604 gantiam·
1036 3542 1039 3547 ·

170 3623 336 3687 'ineadem
358 3625 485 3687 Leandri
507 3627 631 3706 epistula
656 3629 700 3690 'ita
724 3628 900 3691 terminatur
929 3630 1099 3692 hexameter
1128 3650 1153 3694 v.
1178 3633 1235 3694 57:

95 3725 214 3803 deposito
232 3727 344 3802 ponder
366 3743 429 3784 cum
451 3734 524 3786 veste
550 3729 660 3788 timore.
706 3727 848 3788 Similiter
870 3727 935 3788 llal.
958 3746 984 3788 v.
1009 3729 1065 3791 65:
1091 3730 1129 3790 Et
1155 3741 1236 3811 copto

93 3823 205 3902 [spicam
228 3839 327 3883 cernua
347 3825 408 3883 siae
434 3824 497 3903 fine
526 3827 635 3886 timore.
681 3824 802 3886 Ovidius
830 3844 899 3887 cum
928 3826 1069 3888 scriberet
1094 3827 1163 3888 Met.
1191 3829 1236 3902 vl,

95 3920 171 3997 266:
198 3936 262 3982 ooo
283 3920 340 3982 otte
358 3938 492 4001 percurso
516 3923 600 3984 corde
624 3927 727 4003 sopittc
741 3932 829 3985 :certe
856 3942 963 3985 sonum
991 3925 1090 3986 minus
1117 3934 1235 4006 turpem

17 4012 19 4014 ’
93 4017 220 4081 reddidit
242 4017 359 4080 ablativi
380 4018 426 4080 bis
449 4020 546 4098 positi
619 4048 622 4073 2
695 4075 698 4079 ,

132 4148 145 4156 ·2
175 4116 376 4180 Procedamus
398 4116 434 4178 ad
456 4118 545 4180 tinem
570 4138 710 4181 excursus
739 4136 917 4200 versumque
941 4120 991 4182 80.
1021 4123 1123 4184 v(larris
1147 4142 1236 4185 rena-

94 4215 151 4275 tori
174 4215 388 4293 proditionem
413 4217 617 4298 ostenditque:
647 4237 728 4298 qoem
749 4223 775 4280 si
794 4220 913 4281 conlatis
933 4220 1039 4299 effupit
1062 4224 1159 4294 armis,
1183 4222 1235 4282 la-

93 4317 219 4393 scqoitur
241 4318 320 4375 cacis
348 4333 411 4393 ens.
455 4315 616 4377 inhabilius
645 4316 721 4377 dicta
751 4317 823 4380 haec
850 4336 979 4398 quoqne.
1024 4319 1155 4396 Pugnant
1185 4321 1236 4401 qni

93 4411 294 4479 ineantarma
317 4412 403 4495 inter·
418 4433 451 4477 se
475 4416 609 4477 conterre
631 4415 771 4493 dicuntur
792 4418 870 4496 apud
892 4417 1009 4491 Livium
1027 4416 1134 4491 xxm
1160 4419 1235 4496 init,
