2902 5040
605 239 847 303 -168-

148 420 327 500 pelamys:
363 437 465 480 earum
494 418 610 497 generis
640 437 704 479 ma·
731 414 816 477 ibid:
843 411 1023 487 ἀπόλεκτος
1046 405 1290 497 ψαφαριόιερόν

149 537 240 579 xuma
261 518 454 597 apolectos
475 526 607 591 roratur,
631 517 704 578 du·
733 513 803 576 ἐστι
830 516 887 576 τοῦ
912 509 1068 596 τριιόμου

150 616 231 680 rius
253 616 416 678 tritomo.

149 743 235 806 Vocis
262 743 405 822 epotatus
429 741 597 804 terminatio
627 740 789 802 masculina
814 739 955 822 quoniam
985 739 1074 801 etiam
1088 738 1129 799 lx
1144 737 1185 799 48
1208 737 1293 799 adest

150 842 222 923 quin
253 840 329 921 apud
352 842 548 903 Xenocratem
575 859 696 922 quoque
716 848 821 902 contm
848 841 917 902 edit„
941 838 1067 902 llosoor.
1089 837 1291 900 oonserranda

149 940 198 1018 m,
225 941 324 1003 nullus
360 939 480 1016 dubito;
520 940 576 1002 sed
612 940 693 1001 enim
737 957 799 1002 nou
838 940 1000 1002 masculina
1042 940 1155 1009 forma,
1196 937 1291 999 immo

150 1059 184 1105 ex
207 1039 254 1101 his
287 1039 361 1101 locis
381 1039 469 1119 plane
491 1038 731 1101 ooncludendum
754 1048 810 1111 est,
837 1039 915 1118 quod
938 1056 1001 1100 nou
1024 1048 1144 1099 estem
1166 1036 1293 1106 mireris,

150 1138 263 1217 dietum
301 1137 395 1200 tuisse
424 1137 526 1220 potius
559 1136 596 1200 τὸ
625 1131 818 1209 ἄπόλεκτος,
853 1137 980 1216 ideoque
1000 1135 1041 1197 IX
1061 1134 1102 1197 48
1129 1151 1292 1223 numerum

149 1234 281 1297 nominis
296 1235 476 1312 singularem
491 1254 629 1314 agnosco.
666 1236 759 1297 Porro
781 1235 812 1296 in
828 1236 893 1297 loeo
908 1235 1057 1314 adscripto
1072 1232 1293 1296 mammetem

150 1335 257 1414 legitur
278 1334 397 1396 tolerari
420 1334 525 1419 nequit
546 1344 576 1394 et
597 1335 666 1415 quia
689 1335 777 1396 modo
794 1352 921 1414 orcynus
936 1333 1123 1414 pelamydum
1147 1331 1293 1393 maximus

151 1430 248 1494 metus
269 1443 315 1494 est
335 1440 366 1492 et
384 1431 451 1512 quia
467 1449 506 1493 ne
520 1432 610 1514 piscis
624 1433 745 1512 quidem
761 1432 911 1513 apolectos
927 1439 981 1492 est
1014 1432 1110 1510 Atque
1124 1440 1293 1510 eomparata

150 1532 204 1593 rei·
217 1531 249 1592 in
270 1530 347 1592 libro
368 1547 449 1592 nono
470 1530 625 1593 mentione
645 1540 771 1593 conatus
794 1549 874 1592 sum:
899 1549 1000 1592 eurum
1019 1533 1130 1610 ριοαίε
1151 1547 1294 1591 meeum

152 1631 233 1711 mdiu
254 1631 397 1710 apotome
417 1641 544 1691 vocator.
576 1631 646 1693 ‚Sed
669 1649 771 1692 verum
795 1629 869 1691 alius
891 1629 1036 1710 anquirat.
1081 1629 1216 1708 lienique
1238 1645 1293 1709 pro

151 1731 254 1792 dorma
274 1733 387 1792 tritomo
407 1746 468 1791 non
491 1730 556 1791 sine
571 1731 667 1812 specie
682 1730 811 1792 conicias
825 1729 936 1791 mmm
949 1730 1081 1802 tritorum
1104 1737 1186 1790 certe
1201 1728 1294 1790 durus

150 1829 250 1910 potius
273 1825 411 1911 σκληρός
432 1829 510 1909 apud
532 1848 653 1908 gramm
675 1828 931 1908 Xenocratemque
953 1829 1044 1891 audit.

152 1943 340 2024 pectines:
374 1941 533 2004 maxumi
555 1950 584 2004 et
606 1941 637 2005 in
659 1942 707 2004 his
734 1941 1005 2021 οορ.19;κτόνες
1021 1935 1294 2021 secerneretur)

152 2040 356 2120 nigerrimi
392 2050 542 2103 aestate
579 2042 709 2104 lauda·
735 2034 973 2122 εὐμεγέθεις
999 2037 1107 2103 κοῖλοι
1123 2045 1199 2116 (non
1215 2053 1295 2104 reete

101 2142 106 2153 '
153 2138 307 2213 tissimi3
331 2139 363 2202 hi
391 2147 490 2203 autem
517 2141 709 2221 Mytilenis
736 2137 1295 2226 nilallor3legasxaioi)ry'vxooov

153 2238 320 2320 Tyndaride
340 2238 493 2301 Salonis
514 2240 605 2302 Altini
621 2238 708 2303 Chia
736 2239 993 2323 μελάντεροι.
1040 2236 1225 2323 ἀκμάζουσι
1257 2235 1294 2302 δ’

152 2337 184 2399 in
230 2336 335 2401 'insula
377 2338 629 2401 Alexandriae
678 2339 709 2402 in
738 2336 815 2424 ἦρος
844 2340 900 2402 καὶ
929 2342 1095 2423 θέρους·
1130 2336 1203 2403 τότε
1232 2338 1306 2422 γὰρ

152 2438 292 2519 Aegypto.
738 2435 893 2510 αὔξονται
918 2434 1066 2520 μάλιστα
1091 2438 1175 2522 πρὸς
1201 2435 1297 2522 σελή-

738 2558 861 2620 νην...
879 2533 1040 2620 διάφοροι
1055 2533 1089 2599 δ’
1106 2534 1139 2600 οἳ
1154 2535 1196 2601 ἐν
1213 2542 1297 2600 Μι-

736 2631 885 2719 τυλήνῃ
900 2628 1036 2699 πάντων
1046 2639 1182 2718 μεγέθει
1195 2631 1297 2721 φύσει

737 2729 888 2813 εὐχυλίᾳ·
908 2736 1003 2816 φέρει
1018 2732 1051 2797 d'
1066 2731 1204 2818 όμολους
1218 2733 1298 2800 roti-

736 2853 806 2907 τοις
820 2829 840 2897 ὁ
851 2829 964 2908 Ἰόνιος
975 2831 1098 2909 κόλπος
1110 2829 1182 2898 κατ’
1194 2831 1297 2899 Ἰλλυ-

737 2930 817 3016 ρλόα
874 2932 947 3014 (καὶ
1007 2932 1195 3017 Τυρρηνίδα
1249 2937 1297 2998 ed.

737 3031 878 3108 diescet.)
906 3029 974 3094 καὶ
1002 3029 1191 3108 Σαλώνιος
1224 3034 1297 3098 καλ

740 3125 913 3194 Λ-όιιον.
942 3132 1037 3214 φέρει
1053 3129 1091 3194 δὲ
1111 3133 1179 3195 καλ
1196 3136 1297 3209 Χλος

739 3227 794 3289 καὶ
823 3228 942 3307 συχναὶ
976 3229 1041 3294 τῶν
1080 3227 1189 3315 νήσων
1228 3232 1297 3295 καὶ

734 3324 1030 3411 Ἀλεξάνδρεια.

154 3456 214 3517 Pro
235 3450 382 3530 ,Λάτιον
414 3461 449 3514 ut
473 3447 623 3516 Ἄλιινον
654 3455 863 3533 reponendum
890 3465 935 3518 est
967 3455 1079 3535 (Corais
1102 3477 1131 3538 p.
1156 3457 1228 3537 121)
1256 3461 1297 3524 ita

155 3563 256 3615 tamen
291 3552 449 3615 incertiora
485 3551 615 3632 reliqum
651 3548 766 3613 tamen
784 3555 929 3634 pensitata
962 3573 996 3616 re
1028 3539 1105 3618 hane
1137 3557 1296 3636 lectionem

156 3652 347 3715 commendo:
381 3652 475 3733 φέρει
501 3645 535 3712 d‘
558 3644 691 3731 ὁμοίους
713 3647 842 3738 τούτοις
864 3647 1014 3726 όἸόνιος
1035 3650 1159 3728 κόλπος
1184 3655 1250 3719 καὶ
1278 3651 1297 3721 ό

160 3747 362 3835 Τυρρηνὸς
390 3744 462 3811 κατ’
487 3740 649 3830 Ἰλλυρίδα
683 3751 750 3812 καὶ
785 3748 1019 3834 Τυνδαρίδα
1055 3753 1111 3815 καὶ
1141 3752 1296 3830 Σαλώνας

157 3850 212 3912 καὶ
231 3845 383 3912 Ἅλιινον
404 3848 455 3927 (cf.
470 3867 515 3928 ep.
532 3848 591 3910 32:
618 3845 654 3911 ἐν
669 3844 811 3934 Ἰλλυρλᾳ
834 3847 916 3912 κατὰ
935 3847 991 3916 τὸν
1005 3846 1123 3916 Ἰόνιον
1148 3849 1297 3926 κόλπον).

157 3949 259 4011 latina
289 3955 388 4009 autem
417 3948 454 4008 ita
486 3947 617 4027 accipere
639 3948 767 4010 editores
789 3948 947 4013 dehebant:
982 3953 1033 4032 qui
1066 3951 1197 4014 maxumi
1226 3963 1296 4016 suut

157 4047 240 4109 etin
263 4047 308 4108 his
331 4047 382 4127 qui
404 4046 564 4125 nigerrimi,
588 4046 609 4106 ii
631 4055 743 4109 aestate
765 4057 837 4110 sunt
857 4049 1058 4114 laudatissimi.

158 4157 288 4253 eordyla:
343 4180 373 4233 et
416 4171 488 4232 haec
510 4161 517 4170 ⁵
530 4171 712 4252 pelamys,
741 4173 874 4254 eap.34:
902 4165 1297 4260 πηλαμύςμιχρὰγι.

157 4271 315 4352 pusilla3
359 4289 426 4332 cum
463 4270 495 4332 in
530 4269 660 4334 Pontum
696 4292 712 4335 a
741 4294 831 4334 verat
852 4269 903 4337 *ἓν
918 4272 1074 4357 μεσόιαις
1100 4276 1157 4352 (rel
1181 4276 1297 4360 *uscos

157 4370 301 4434 Maeotide
324 4371 392 4444 exit,
414 4369 470 4467 hoo
490 4388 601 4442 nomen
616 4371 712 4436 habet.
741 4363 874 4452 γαίαις).
