2902 5040
615 300 837 364 ..75-

149 495 220 540 nem
252 475 408 548 τίςωδοίν
433 474 555 537 verbum
578 483 612 537 ut
631 484 675 537 est
697 476 880 538 rarissimum
902 474 942 538 ita
963 475 1007 536 rei
1034 475 1121 537 unice
1144 474 1296 551 convenit3

149 576 299 638 absonum
329 581 431 636 contra
460 570 599 645 ἐξέωσεν
623 581 692 636 ante
721 575 915 656 προςίχοται
944 573 1075 653 positum
1104 572 1190 634 foret.
1236 573 1295 634 Sed

149 675 235 754 plura
251 680 493 753 consequuntur:
515 672 604 733 etiam
626 668 742 734 τύπτει
758 673 835 753 apud
850 673 1041 735 Plutarchum
1057 672 1296 734 incommodum:

150 771 420 852 smiptumfuerat:
449 769 504 831 καί
520 766 637 833 τύπτει
653 769 832 834 κοιλαίνων
845 767 1027 853 τοῦδαφος;
1053 772 1208 832 subuersae
1221 770 1294 833 sidit.

151 870 230 944 Quid
251 888 322 932 vero
343 869 380 930 de
398 866 665 931 antecedentibus?
691 871 727 931 ad
754 871 935 952 συρομένην
960 868 1077 930 trahere
1101 867 1160 950 την
1186 861 1296 930 πανδ-

151 989 234 1050 yper
255 968 383 1031 Hercule
403 967 511 1046 dignus
531 967 628 1041 labor;
655 975 743 1049 atque
769 969 857 1030 etiam
878 966 1025 1048 διίστησι
1048 966 1119 1027 illud
1142 986 1209 1028 eum
1229 984 1296 1028 rem

151 1068 176 1129 si
202 1075 321 1149 spectas
346 1099 388 1110 -·-
413 1065 565 1145 quomodo
592 1066 672 1128 enim
698 1067 789 1146 piscis
803 1074 908 1128 totam
934 1083 1052 1128 neesam
1079 1066 1179 1144 potius
1205 1084 1295 1146 quam

152 1185 242 1229 unam
263 1166 410 1227 maculam
437 1183 540 1225 nassae
566 1163 751 1227 dimovebit?
766 1200 808 1208 —
828 1172 892 1226 tum
913 1183 982 1226 vero
1010 1163 1097 1226 verba
1119 1163 1203 1227 latini
1225 1182 1295 1242 poe-

151 1264 248 1335 matis
274 1263 310 1324 ad
334 1281 450 1333 arenas,
476 1280 538 1324 non
564 1262 600 1323 ad
626 1272 688 1324 rete
711 1264 837 1326 attinere
864 1262 988 1343 putabis.
1029 1261 1163 1342 Denique
1185 1262 1296 1322 mentio

151 1364 196 1424 rel
222 1362 333 1424 caudae
360 1360 546 1430 desideratur
572 1360 617 1421 vel
641 1359 812 1440 pinnarum.
851 1362 1016 1423 Ostendere
1037 1379 1086 1421 me
1105 1379 1209 1422 verum
1236 1379 1296 1420 non

150 1461 301 1540 sponde03
335 1459 380 1520 ria
410 1459 525 1520 conlido
555 1458 700 1520 utendum
729 1459 781 1521 tali
811 1478 889 1521 esse:
921 1459 1205 1543 πτερυσσομένην
1235 1455 1296 1541 γὰρ

152 1553 275 1630 ἁλοὺς
300 1554 367 1639 την
393 1552 524 1638 ἄμμον
547 1554 787 1638 placidaeque,
810 1559 969 1638 inquibus
991 1554 1091 1629 ἁλοὺς
1111 1557 1190 1618 idem
1207 1565 1296 1635 atque

151 1659 267 1720 clausus
291 1665 359 1718 rete.
405 1655 462 1718 Sed
491 1655 606 1717 salubra
632 1654 723 1717 etiam
747 1657 779 1716 in
806 1666 892 1737 poeta
918 1657 1009 1718 latino
1035 1655 1228 1736 impedimur:
1258 1673 1296 1715 an

153 1757 234 1819 enim
260 1756 359 1818 saltn
386 1754 474 1834 piscis
496 1771 596 1815 revera
623 1753 706 1815 dolos
728 1753 866 1818 deludit?
897 1756 955 1818 Sed
977 1756 1040 1836 ipse
1059 1754 1134 1815 iacet
1154 1754 1297 1814 immotus

151 1857 215 1917 fere
235 1871 333 1935 neque
354 1852 411 1914 nisi
432 1870 537 1914 nassae
558 1860 642 1913 motu
664 1852 780 1914 emicat.
825 1853 927 1934 Neque
954 1853 1065 1914 Plinius
1091 1853 1168 1913 saltet
1193 1851 1296 1930 legisse

121 1966 124 1971 ·
152 1953 292 2015 credetur
320 1951 383 2035 qui¹
400 1951 449 2013 ita·
468 1968 532 2013 rem
562 1951 684 2012 referat:
722 1951 821 2032 lupum
849 1962 908 2014 rete
937 1951 1145 2014 circumdatum
1174 1949 1298 2010 herenas

152 2069 240 2114 crore
263 2050 356 2113 cauda
378 2059 461 2130 atque
482 2052 524 2110 ι’ίο
547 2049 631 2111 cendi
651 2050 718 2110 dem
741 2059 867 2111 transeat
888 2060 956 2111 rete.
999 2050 1102 2130 ltaque
1122 2048 1194 2109 haec
1220 2047 1296 2108 stul-

153 2151 216 2212 titia
237 2155 343 2229 poetae
367 2147 513 2210 nonfuit.
557 2145 646 2207 Multa
669 2149 861 2221 correximus,
889 2148 1053 2228 corrigatur
1079 2146 1136 2208 hoc
1162 2164 1295 2226 quoque:
1322 2160 1341 2207 et
1360 2153 1448 2228 petae

557 2255 609 2317 ubi
628 2265 692 2320 rete
711 2258 824 2320 levatur
843 2259 874 2320 in
894 2276 989 2330 auras,

256 2356 370 2417 Emicat
394 2363 484 2435 atque
510 2354 615 2415 dolos
641 2364 725 2418 astu
751 2357 862 2418 deludit
886 2357 1007 2418 inultus.

153 2472 237 2534 ldem
267 2479 367 2532 tamen
396 2471 464 2552 quia
494 2470 531 2530 ad
561 2471 673 2532 dimotis
695 2476 789 2535 crenis
815 2463 964 2553 adponere
989 2477 1084 2553 pinnis
1113 2471 1297 2553 desperabat,

154 2589 217 2632 non
243 2570 319 2631 bene
345 2569 467 2631 caudam
500 2585 568 2630 oum
597 2569 697 2648 pinnis
728 2574 938 2635 commutarit:
970 2590 1068 2650 neque
1097 2572 1176 2632 enim
1207 2571 1297 2631 cauda

154 2670 272 2733 efficere
291 2668 380 2749 piscis
400 2673 498 2748 potest
517 2659 647 2749 βόθρον
665 2665 746 2732 ὅσον
766 2666 933 2745 δέξασθαι
953 2665 1009 2731 ἑὸν
1024 2667 1135 2751 δέμας.
1165 2668 1224 2730 Sed
1245 2686 1298 2730 cur

154 2785 216 2828 non
239 2766 378 2828 malebat:
402 2766 519 2827 Dimota
541 2768 642 2847 pinnis
668 2765 779 2830 arena?

210 2909 214 2915 .
239 2866 282 2926 lle
302 2866 411 2945 polypo
434 2864 555 2927 Ovidius
570 2885 597 2926 v.
614 2866 651 2927 31
667 2885 746 2946 sqq.:

254 2977 416 3038 utcontra
438 2977 599 3057 seopulis
622 2979 723 3041 crinali
746 2996 870 3058 corpore
893 2978 991 3057 segnis

255 3074 411 3154 Polypus
434 3076 558 3137 haeret
581 3084 610 3138 et
635 3078 690 3138 hac
712 3077 804 3139 eludit
825 3077 900 3139 retia
921 3076 1037 3138 fraude:

255 3173 293 3233 Et
314 3173 371 3234 sub
393 3174 470 3253 lege
490 3175 561 3236 loci
583 3177 693 3238 sumit
716 3179 904 3256 mutatque
930 3178 1090 3237 colorem

256 3271 381 3352 Semper
403 3273 434 3334 ei
457 3273 590 3335 similis
618 3294 721 3354 quem
744 3274 909 3354 contigit.

152 3382 228 3445 Item
253 3383 405 3463 Oppianus
428 3383 459 3447 in
482 3387 614 3448 secundo
636 3386 712 3448 libro
727 3406 755 3447 v.
772 3385 847 3447 233:

256 3492 499 3578 (πουλύποδες)
521 3500 556 3559 οἳ
570 3497 761 3581 πέτρῃσιν
780 3491 935 3585 ὁμοίϊον
958 3494 1214 3560 λνδοίλλονται

253 3591 320 3675 την
343 3616 382 3655 κε
402 3594 697 3671 ποτιπτύξωσι,
724 3594 802 3679 περὶ
823 3597 963 3679 σπείρης
981 3617 1016 3656 τε
1035 3593 1218 3676 peterten

154 3705 191 3767 cf.
211 3705 283 3768 ibid.
308 3727 333 3768 v.
351 3707 426 3768 297:

456 3818 487 3880 e?
505 3817 568 3903 γὰρ
587 3817 644 3881 καὶ
664 3814 861 3902 ἆλεοόμενος
880 3817 971 3902 περὶ
998 3822 1140 3904 πέτρην

254 3912 446 3998 πλέξηται
466 3914 608 4000 χροιήν
632 3940 672 3980 τε
698 3906 933 4006 πανοίκτλον
957 3910 1215 4001 α’μφιέσηται.

153 4027 190 4087 Δί
216 4027 392 4090 Plutarchus
418 4048 447 4109 p.
468 4027 529 4089 978
546 4029 569 4090 ll
586 4049 665 4110 sqq.:
695 4025 759 4093 τῶν
789 4027 826 4091 δὲ
855 4027 1058 4093 πολυπόδων
1086 4029 1152 4112 τῆς
1180 4026 1297 4110 χρόας

153 4122 221 4206 την
236 4121 405 4207 ἄμειψιν
420 4122 489 4188 ὅτε
505 4126 736 4208 Πίνδαρος...
756 4126 968 4205 καὶ.Θέογνις
989 4124 1126 4210 ὁμοίως·
1147 4125 1296 4190 πουλύ-

153 4219 278 4294 ποδος
293 4214 372 4285 νόον
387 4224 460 4301 ἴσχε
475 4221 662 4307 πολυχρόου
678 4219 713 4298 ὃς
729 4223 821 4287 ποτὶ
837 4227 958 4309 πέτρη
973 4226 1017 4314 τῇ
1033 4247 1106 4307 περ
1127 4217 1301 4308 ὁμιλήση.

153 4328 262 4392 τοίος
289 4317 393 4383 ίδείν
417 4315 555 4406 ἐφάνη.
606 4323 665 4384 τοῦ
703 4319 740 4384 δὲ
772 4321 966 4397 πολύποδος
1001 4318 1095 4406 ἔργον
1131 4321 1222 4386 ἐστὶν
1259 4311 1298 4396 οὗ

155 4415 270 4490 πάθος
296 4406 317 4499 ἦ
344 4417 523 4503 μεταβολή·
550 4418 750 4503 μεταβάλλει
777 4421 840 4504 γὰρ
866 4420 901 4483 ἐκ
929 4425 1089 4503 προνοίας
1105 4441 1167 4502 eqs.
