2902 5040
547 334 784 398 -139—

96 531 165 574 τον
202 511 272 574 cdv
304 505 450 593 χρόνον
484 504 510 594 ᾧ
540 505 657 594 ὅμοιός
683 529 754 574 ram
780 518 923 572 mutans
951 511 1125 591 queniam
1151 519 1239 573 tunc

98 607 207 672 ἔστιν·
242 607 360 688 οχεόὀν
389 607 426 672 tt
461 607 529 672 aral
565 608 656 682 τούς
684 616 753 670 utun
787 618 963 690 apparent
993 609 1134 690 reliqui
1166 610 1238 671 nisi

98 702 244 781 ἄλλους
275 703 408 791 ἱέρακας
438 701 506 773 οόκ
543 706 655 772 ἔστιν
683 727 857 789 perquam
872 708 1158 789 paucisdiehus.
1174 708 1239 770 Est

100 804 212 869 ίόείν
239 800 295 869 ὅτε
320 806 446 870 θᾶττον
472 810 656 891 φθέγγεται
682 816 801 870 autem
830 827 950 891 neque
979 807 1135 870 aduncis
1168 826 1238 870 un·
1288 862 1292 871 ,

98 898 656 990 ὀκόκκοξ,πλήνόλίγοςὴμέ-
682 905 820 986 guibus
854 908 936 970 solus
969 907 1139 987 accipitrum
1172 924 1240 968 nec

98 1023 183 1085 ρας·
204 998 224 1067 ὀ
243 1001 281 1066 til
295 996 413 1076 κόκκυξ
427 1008 582 1087 φαίνεται
598 998 655 1067 ἐπ’
683 1006 812 1086 capite
844 1006 980 1069 similis
1009 1005 1090 1068 illis
1120 1023 1239 1085 neque

99 1097 214 1180 ὀλίγον
234 1098 352 1184 χρόνον
371 1103 429 1166 τοῦ
444 1105 578 1187 θέρους,
598 1100 656 1166 τὸν
683 1104 757 1166 alio
780 1124 882 1187 quam
899 1104 1040 1175 celere,
1054 1101 1164 1167 *accitu
1180 1123 1240 1165 co·

98 1199 137 1264 tt
160 1201 306 1284 χειμῶνα
331 1196 539 1284 ἀφανίζεται.
569 1199 655 1264 ἔστι
683 1203 799 1266 lumbi
825 1204 955 1284 petius
985 1202 1076 1281 (anne
1098 1212 1240 1265 caeterum

98 1293 133 1361 δ’
153 1295 171 1361 ὁ
193 1297 253 1379 μὲν
269 1295 361 1383 ἱέραξ
379 1295 617 1383 γαμψώνυχος,
638 1295 657 1363 ὀ
684 1301 817 1365 columbis
835 1305 928 1384 petius
942 1301 1100 1382 legendum
1114 1296 1239 1378 dicesl).

98 1392 358 1469 δέκόκκνξοό
372 1395 656 1483 γαμψώνυχος·

99 1492 147 1558 ἔτι
163 1490 310 1560 ὀὲοόὀὲ
333 1495 577 1579 τοὶτιερὶτὴν
594 1519 657 1559 κε-

99 1591 233 1677 φαλὴν
248 1592 380 1658 ἔοικεν
396 1590 549 1677 ἱέρακι,
570 1590 657 1658 ἀλλ’

100 1688 216 1775 ἄμφω
260 1691 386 1754 ταῦτα
435 1694 659 1777 περιστερᾷ

99 1786 240 1874 μᾶλλον·
262 1785 336 1853 ἀλλ’
352 1788 373 1873 ἢ
389 1790 487 1853 κατὰ
502 1791 545 1854 τὸ
560 1792 659 1873 χροὶ-

98 1911 153 1972 μα
174 1879 302 1971 μόνον
323 1884 569 1973 προςέοικεν
596 1886 658 1953 ἱέ-

99 2009 202 2068 paxu

101 2119 307 2200 frequentem
327 2129 396 2185 tuuc
416 2138 475 2182 utu
500 2129 639 2200 apparent
663 2121 767 2202 reliqui
779 2117 952 2200 Mayhcifius
977 2117 1141 2181 accuratius
1167 2118 1241 2179 scri-

99 2208 229 2281 bendum
245 2217 335 2280 fuisse
350 2221 481 2280 monuit:
498 2222 632 2298 queniam
645 2228 713 2281 tuuc
726 2238 786 2285 utu
802 2228 921 2299 appetet
936 2219 1067 2294 accipiter
1082 2219 1129 2277 cut
1142 2215 1243 2278 similia

99 2328 248 2398 eumque
269 2317 374 2396 reliqui
394 2327 531 2397 apparent
547 2336 606 2397 eus.
653 2318 766 2381 Tamen
787 2335 842 2396 ege
864 2318 1000 2378 lacunam
1021 2330 1084 2375 non
1106 2331 1243 2394 agnosce,

99 2416 152 2481 sed
172 2417 204 2478 in
226 2416 342 2479 brevius
365 2423 547 2478 contractam
563 2417 849 2496 sententiamanam
866 2430 1021 2494 coccygem
1035 2431 1089 2493 pre
1106 2412 1243 2493 accipitre

100 2514 254 2577 venditare
276 2533 380 2577 ausum
404 2534 469 2576 esse
491 2523 665 2578 sectatorem
688 2513 857 2578 Aristotelis
880 2520 971 2575 testes
994 2521 1065 2574 sunt
1088 2510 1174 2573 verba
1194 2510 1243 2575 illa

99 2613 206 2677 iniecta
220 2614 298 2675 aelus
313 2617 488 2699 accipitrum,
511 2614 551 2675 ita
574 2623 608 2676 ut
630 2633 683 2675 vex
705 2613 811 2694 reliqui
827 2629 893 2674 'nen
908 2609 1015 2672 habeat
1031 2629 1089 2690 quc
1105 2609 1242 2686 offendat.

101 2710 285 2775 Sententiela
319 2730 393 2792 quae
427 2711 503 2792 apud
526 2703 656 2773 Plinium
679 2711 829 2773 adseritur
851 2719 942 2772 mutat
971 2717 1066 2770 cutem
1095 2720 1122 2771 et
1149 2726 1244 2771 ccccm

100 2810 183 2875 abest
204 2809 240 2872 ab
261 2810 437 2885 Aristotele3
459 2809 566 2872 deinde
584 2811 714 2890 precedit
738 2827 815 2883 οονο,
842 2807 1001 2870 occultetur
1016 2806 1244 2881 cuuiutlaecrtu

100 2929 135 2971 er
167 2908 203 2971 iis
237 2917 300 2971 mta
332 2918 402 2971 sunt
434 2928 510 2989 quac
542 2918 612 2988 pest
644 2903 758 2985 ὀλίγας
795 2903 916 2994 ἡμέρας
949 2910 1061 2973 ἱκετεία
1094 2911 1241 2989 leguntur.

100 3007 249 3088 Pergitur:

127 3174 128 3178 ,
202 3118 363 3199 *Interque
396 3118 506 3197 parit
533 3118 572 3181 in
602 3119 742 3181 alieni-s
776 3119 875 3180 nidis
907 3119 1060 3182 maxime
1092 3121 1243 3199 palum·

201 3216 319 3291 bium,
353 3217 497 3278 maiore
531 3236 569 3278 ex
598 3228 706 3298 parte
728 3219 874 3297 singula
897 3238 960 3281 eva
983 3219 1063 3299 quod
1086 3219 1165 3281 nulla
1188 3219 1242 3281 alia

203 3315 263 3377 avis
287 3313 330 3396 ll),
353 3333 434 3377 raro
457 3316 551 3378 bina.

100 3441 334 3504 Rescribcndum
359 3450 404 3503 est
418 3441 552 3504 videlicet
572 3443 771 3523 interdumque
782 3447 875 3523 γονέα
898 3461 968 3505 nam
983 3457 1044 3504 nen
1059 3442 1158 3523 paucis
1175 3442 1243 3504 Ari-

101 3541 217 3603 stotelis
232 3540 327 3602 verbis
343 3540 461 3602 omissis
482 3541 536 3603 ista
551 3560 655 3603 rursus
675 3533 792 3621 sumpta
815 3562 851 3603 cr
873 3561 908 3603 eo
932 3551 1015 3603 sunt:
1038 3533 1057 3604 ὀ
1079 3539 1118 3604 δέ
1139 3543 1242 3604 τίκτει

101 3636 162 3722 μὲν
188 3633 261 3700 ἀλλ’
288 3632 327 3700 erl
352 3634 580 3721 ποιησάμενος
604 3638 766 3712 νεοττιάν,
792 3632 867 3704 ἄλλ’
895 3639 1024 3704 ἐνίοτε
1049 3639 1108 3722 μὲν
1133 3637 1173 3704 έν
1197 3643 1243 3728 τῇ

101 3737 177 3802 τῶν
207 3731 389 3800 ἐλαττόνων
418 3733 594 3821 ὀρνίθων
623 3735 794 3802 ἐντίκτει
824 3738 1026 3824 καταφαγών
1053 3737 1095 3801 τὰ
1123 3734 1172 3822 ᾠὰ
1200 3734 1241 3801 τοὶ

102 3834 251 3912 ἐκείνων,
281 3833 460 3917 μάλιστα
490 3829 524 3900 δ’
555 3835 596 3900 ἓν
622 3845 715 3911 ταίς
743 3837 816 3902 τῶν
845 3839 986 3923 φαβῶν
1014 3845 1241 3911 νεοττιαϊς,

103 3932 304 4021 καταφαγών
330 3932 386 3996 καὶ
411 3930 452 3997 τὰ
477 3929 602 4017 τούτων
631 3929 693 4020 ᾠά·
723 3939 856 3999 τίκτει
886 3933 920 4000 δ’
950 3931 1138 4015 ὀλιγάκις
1172 3934 1242 4018 μὲν

102 4033 189 4110 δύο,
211 4032 258 4096 τὰ
281 4032 322 4097 δὲ
344 4031 515 4096 πλεῖστα
538 4036 589 4098 ἓν.
624 4035 685 4097 lam
702 4054 770 4098 veru
786 4054 845 4116 quo
866 4036 964 4099 studio
981 4036 1112 4099 diversus
1127 4035 1241 4097 Ariste·

102 4135 169 4199 telis
191 4135 272 4196 locus
295 4133 486 4194 inmisceatur
508 4134 703 4197 attendamus.
749 4135 835 4207 Quod
857 4135 936 4198 enim
958 4135 1056 4216 pergit
1076 4134 1208 4197 Plinius:
1315 4137 1317 4142 ’

204 4260 297 4324 Causa
312 4258 408 4340 pullos
431 4259 654 4322 subiciendi
675 4266 797 4341 putetur
812 4261 893 4341 quod
916 4261 1015 4322 sciat
1035 4279 1067 4321 se
1089 4259 1242 4322 invisam

204 4359 451 4422 cunetisavibus.
494 4358 582 4421 Nam
605 4358 767 4423 minutae
789 4379 935 4440 queque
962 4359 1153 4422 infestant.
1197 4359 1240 4421 lta

204 4477 272 4520 uon
295 4458 376 4520 fore
397 4465 509 4523 tutam
532 4459 633 4538 generi
655 4477 709 4522 sue
732 4458 856 4540 stirpem
880 4459 1017 4540 opinatur
1038 4458 1073 4521 ni
1094 4459 1239 4533 fefellerit,
