2902 5040
665 285 908 348 -160-

217 469 318 523 contra
352 479 466 524 morem
500 480 588 524 suum
623 461 711 523 etiam
745 461 908 524 denatura
931 479 1035 523 eorum
1058 461 1290 542 disputationem
1313 480 1364 523 re-

216 559 362 639 dintegrat
393 569 427 621 ut
459 559 709 639 complementum
734 560 791 621 hoc
813 579 879 621 esse
911 559 980 622 libri
1007 560 1080 622 noni
1101 560 1188 640 plane
1210 566 1361 640 appareat.

217 658 260 719 Ad
276 658 356 737 quod
380 658 450 738 quid
473 658 651 740 compellere
667 658 796 719 Plinium
813 659 943 738 potuerit
958 667 1075 740 praeter
1090 666 1248 721 anctorum
1265 661 1363 720 noro·

215 774 282 816 rum
298 763 388 838 atque
402 764 466 819 tum
483 775 588 818 recens
604 763 825 836 compertorum
841 765 993 818 recentem
1017 756 1174 819 lectionem
1189 757 1362 819 non'vidoo.

215 855 435 934 vituperandus
456 855 511 916 sibi
533 854 689 917 videbatur
712 854 797 916 Ovidi
820 854 975 917 clarissimi
1008 856 1045 917 de
1074 854 1204 935 piscibus
1227 855 1362 917 carmine

215 952 348 1031 neglecto
378 972 472 1033 nuper
494 953 604 1033 quippe
625 956 660 1014 eo
685 953 786 1014 Tomis
819 953 989 1033 adportat03
1022 954 1080 1015 iam
1114 953 1269 1016 occasione
1293 954 1361 1016 data

215 1052 435 1131 excerpendum
459 1052 579 1114 curavit
625 1050 682 1113 Sed
712 1069 773 1114 non
799 1051 959 1114 llalieutica
981 1060 1109 1114 tantum.
1153 1051 1283 1112 Mentem
1307 1053 1363 1114 ad·

213 1158 311 1211 vertas
327 1151 414 1212 etiam
431 1151 466 1212 ad
482 1151 538 1212 boc
552 1151 632 1230 quod
647 1149 754 1211 XXllll
766 1149 785 1209 2
796 1169 861 1231 sqq.
885 1152 998 1213 multus
1012 1152 1124 1213 Plinius
1140 1151 1177 1212 de
1192 1149 1362 1212 ecbeneidis

215 1248 341 1310 mirabili
375 1257 480 1336 natura
513 1258 557 1311 est
590 1249 675 1328 quasi
696 1249 734 1310 de
757 1269 791 1312 ea
815 1251 845 1310 in
869 1268 949 1311 nono
973 1249 1047 1311 libro
1070 1255 1088 1326 t
1110 1249 1151 1310 tn
1174 1266 1236 1310 non
1258 1249 1361 1328 egerit.

214 1347 309 1426 Atque
332 1346 362 1407 in
387 1343 467 1409 nono
490 1346 567 1409 libro
590 1347 756 1410 secundum
779 1347 965 1410 Aristotelem
987 1348 1059 1410 haec
1080 1349 1251 1428 scripserat:
1332 1352 1335 1357 '

314 1497 380 1558 Est
423 1518 556 1579 parvus
599 1498 795 1560 admodum
849 1499 964 1579 piscis
1008 1498 1189 1560 adsuetus
1234 1496 1360 1576 petris

314 1596 495 1658 echeneis
519 1616 559 1677 ap
568 1596 747 1678 pellatus3
774 1596 831 1660 boc
853 1596 960 1658 earinis
983 1596 1161 1658 adhaerente
1184 1613 1273 1657 naves
1297 1604 1359 1656 tar·

314 1692 380 1755 dius
402 1693 445 1754 ire
468 1695 630 1756 creduntur
651 1694 721 1757 inde
745 1695 868 1757 nomine
890 1695 1049 1776 imposit03
1071 1713 1178 1775 quam
1201 1693 1247 1755 ob
1270 1712 1361 1771 cau·-

313 1810 389 1853 sam
412 1793 609 1855 amatoriis
643 1813 793 1874 quoque
817 1794 1017 1856 veneficiis
1051 1793 1199 1854 inlamis
1233 1799 1290 1853 est
1323 1799 1360 1852 et

311 1889 535 1953 iudiciorum
568 1909 607 1952 ac
639 1892 765 1953 litium
801 1911 895 1953 mora
931 1911 1007 1972 quae
1040 1891 1162 1952 crimina
1189 1909 1247 1951 una
1269 1888 1359 1951 laude

312 1998 418 2068 pensat
440 1989 538 2051 fluxus
560 1989 744 2068 gravidarum
768 1999 851 2052 utero
879 1989 988 2051 sistens
1012 1998 1173 2070 partusque
1197 1988 1356 2049 continens

312 2107 346 2149 ae
368 2088 571 2169 puerperinm;
595 2088 632 2148 in
655 2087 763 2151 cibos
784 2097 907 2151 tamen
930 2107 1003 2150 non
1027 2087 1251 2149 admittitur.
1290 2087 1353 2146 Pe·

311 2186 375 2247 des
399 2187 637 2268 eumflhabere
661 2186 940 2249 arbitrantibus
963 2186 1195 2248 Aristoteles
1218 2184 1267 2247 ait
1289 2184 1358 2247 im-

312 2285 988 2366 positumpinnarumsimilitudine;
1329 2286 1332 2292 ’
1376 2282 1379 2288 ’

210 2452 280 2496 nam
303 2434 358 2497 bac
380 2435 500 2496 demum
524 2435 650 2498 adbibita
679 2435 862 2496 correctione
885 2434 964 2495 bene
981 2435 1074 2495 liuere
1102 2432 1248 2495 sententia
1272 2434 1357 2496 vide-

209 2540 260 2593 tur
293 2533 384 2608 (velot
406 2532 484 2593 bene
505 2532 596 2594 liuere
618 2550 788 2594 sermonem
816 2532 905 2594 etiam
928 2531 960 2606 ip
982 2531 1022 2594 tx
1039 2532 1096 2592 111
1119 2533 1251 2593 lecerim'
1265 2532 1357 2595 sinuli

210 2640 287 2693 arte:
321 2630 412 2692 molto
438 2631 538 2692 dende
559 2631 731 2693 obretonam
763 2632 822 2693 sole
844 2635 876 2692 io
906 2634 984 2692 ones
1004 2630 1146 2711 fictilibus,
1178 2648 1247 2692 roso
1268 2649 1357 2694 corne

209 2732 294 2802 omni,
317 2729 431 2791 nucleos
453 2730 589 2810 quosdam
610 2747 764 2810 corporane
779 2775 786 2790 .
804 2775 811 2790 .
830 2774 837 2789 .
854 2731 980 2792 decidere
1000 2733 1032 2790 rie
1052 2729 1135 2808 imo).
1180 2730 1264 2809 Apud
1289 2730 1357 2793 Ari-

209 2827 345 2889 stotelem
362 2828 398 2890 de
413 2828 565 2891 ecbinoide
580 2821 654 2910 quae
669 2829 871 2909 respondeant
886 2828 942 2890 illis
958 2828 1030 2890 baec
1045 2836 1115 2890 sunt
1131 2828 1272 2908 (pbtle
1288 2827 1354 2903 rot:

209 2921 296 2987 ἔστι
327 2917 363 2987 d’
394 2924 586 3005 ἰχθύδιόν
615 2950 650 2989 τι
685 2928 759 2990 τῶν
789 2928 990 3010 πετραίων
1017 2922 1038 2987 ὅ
1072 2925 1239 2989 radebat
1268 2947 1356 3000 τινες

208 3020 393 3106 ἐχενηΐδα
433 3023 489 3085 καὶ
528 3025 699 3108 χρῶνταί
740 3047 845 3098 τινες
885 3020 988 3108 αὐτῷ
1014 3023 1114 3107 πρὸς
1142 3023 1260 3099 δίκας
1289 3025 1355 3088 καὶ

208 3120 354 3204 φίλτρα
384 3122 518 3202 (adverte
548 3124 588 3185 sis
612 3124 688 3186 Plini
710 3132 862 3187 auctorem
891 3124 992 3204 potius
1019 3123 1124 3203 legisse
1147 3123 1240 3186 videri
1269 3121 1356 3206 πρὸς

208 3219 331 3303 φίλτρα
360 3221 414 3282 καὶ
445 3215 552 3296 δίκας,
583 3231 672 3303 atque
694 3223 734 3284 ita
757 3224 846 3284 etiam
870 3221 977 3287 Snidas
995 3235 1024 3282 s.
1040 3240 1066 3282 va
1082 3218 1228 3302 dxevqt'et
1268 3219 1353 3284 ἔστι

208 3312 245 3380 δ’
274 3314 461 3401 ἄβρωτον.
505 3318 601 3382 τοῦτο
642 3315 679 3382 δ’
710 3318 794 3385 ἔνιοί
835 3322 941 3401 φασιν
976 3316 1086 3398 ’ἔχειν
1116 3316 1254 3399 ’πόδας
1279 3315 1354 3384 ὀἰκ

208 3413 297 3494 ἔχον,
328 3412 415 3479 ἀλλὰ
450 3420 640 3499 φαίνεται
680 3417 748 3481 διὰ
787 3417 829 3482 τὸ
870 3416 938 3492 τὰς
977 3420 1172 3500 πτέρυγας
1211 3413 1356 3500 ὁμαύας

208 3513 313 3593 ἔχειν
339 3515 467 3578 ποσίν.
512 3517 614 3596 ltaque
646 3517 730 3599 plura
764 3517 884 3598 quidem
908 3517 1105 3589 Plinius,··sed
1128 3516 1226 3597 priora
1248 3519 1353 3579 saltem

208 3631 283 3692 quae
305 3613 342 3675 de
365 3613 537 3693 explicando
553 3615 642 3694 piscis
664 3615 786 3677 nomine
809 3624 881 3689 sunt
903 3613 1217 3695 proripientium
1238 3615 1353 3678 Aeliani

207 3711 232 3773 ll
244 3708 313 3785 ¹17),
337 3711 481 3773 excidisse
504 3713 581 3792 apud
604 3713 792 3775 Aristotelem
815 3713 1005 3792 summopere
1027 3712 1177 3792 probabile
1199 3715 1353 3786 estafor-

207 3818 285 3871 tasse
334 3818 434 3872 tamen
485 3820 588 3872 cetera*
614 3830 768 3893 quoqne,
817 3811 897 3892 quod
947 3810 1025 3871 idem
1070 3811 1143 3872 dixit
1189 3809 1351 3893 ldontignp.

206 3909 289 3981 Quae
309 3926 381 3979 rero
397 3907 434 3968 do
449 3906 608 3970 echeneide
625 3910 771 3971 accedunt
783 3910 864 3990 apud
872 3909 1012 3970 Plinium·
1023 3927 1060 3970 er
1074 3908 1209 3971 Muciano
1232 3920 1354 3992 sumpta

207 4015 277 4070 sunt
291 4017 323 4068 et
337 4024 372 4069 ex
383 4005 491 4068 Trebio
503 4007 592 4088 Nigro
608 4008 659 4089 qui
674 4008 925 4088 ped‘aler'n‘eam
936 4007 1157 4088 praedicaverat
1169 4016 1199 4070 et
1209 4010 1352 4072 'crassi-

206 4104 333 4167 tudine
356 4103 527 4186 qninque
550 4105 766 4184 digitorum.
809 4107 870 4168 lam
894 4125 962 4168 vero
986 4106 1226 4186 quodue-pisce
1247 4107 1352 4171 eodem

205 4202 284 4265 idem
306 4204 370 4266 lero
391 4203 506 4265 Plinius
529 4205 652 4266 molesta
674 4205 843 4286 eloquentia
876 4205 1000 4285 exponit
1020 4204 1254 4286 xxxma-sqq,
1272 4211 1275 4251 ἓ
1290 4211 1352 4268 non

206 4301 304 4381 potuit
325 4303 362 4364 ad
383 4302 440 4364 boc
461 4302 577 4365 incitari
598 4322 645 4364 me
660 4304 771 4366 arbitro
786 4304 843 4366 nisi
867 4303 1060 4383 nova'aliqua
1083 4322 1187 4366 reeens
1208 4305 1286 4368 lecta
1298 4305 1352 4367 -rei

206 4400 405 4481 descriptione
424 4419 515 4480 eaque
538 4401 563 4462 si
583 4401 681 4482 placet
702 4403 826 4483 poetica.
864 4403 975 4464 Auctor
997 4409 1119 4482 prorsus
1134 4402 1352 4477 diversus-inim

206 4514 277 4559 narn
300 4500 741 4591 §3³semi'pedalis'potius
763 4501 921 4582 pisciculus
948 4501 1064 4562 dicitur·
1081 4502 1350 4580 qoamdeanooem
