2902 5040
599 304 844 368 -177-

148 478 278 540 occurrit
299 478 379 540 inter
402 479 562 541 medicinas
578 479 663 552 Plini,
678 481 754 560 apud
770 480 979 551 Xenocratem,
1001 482 1078 560 apud
1095 481 1290 557 Athenaeum,
1374 532 1378 550 ÷

147 575 219 636 item
236 577 413 656 Hesychius:
437 574 620 657 βάκχος...
645 574 677 640 οἳ
701 576 737 640 δὲ
760 577 866 660 φανὸν
881 576 1047 654 λέγουσιν,
1071 576 1104 642 oi
1127 578 1164 642 δὲ
1182 577 1290 660 ἰχθύν.

149 673 244 736 Porro
272 693 409 737 corvus
438 693 539 737 rarum
569 693 681 738 nomen
709 677 788 738 idem
816 685 904 756 atque
927 687 1100 758 κορακῖνος
1122 696 1188 740 esse
1211 678 1291 740 credi

150 772 225 832 solet
258 771 405 853 habetque
432 775 560 836 colorem
588 775 666 837 corvi
690 775 808 855 nigrum
838 774 956 852 (Athen.
977 795 1006 856 p.
1023 775 1129 837 30813.
1165 776 1289 856 Oppian.

149 867 268 944 ll33);
295 872 403 932 mirum
427 880 528 934 tamen
551 882 597 934 est
619 874 696 935 hanc
717 873 942 954 explicationem
965 874 1094 935 nominis
1117 875 1233 954 neglegi
1255 873 1291 934 ab

149 969 301 1030 Athenaeo
316 989 344 1049 p.
361 969 423 1032 309
435 974 469 1033 Α.
500 972 662 1051 Hesychius
678 981 851 1055 κορακῖνον
874 991 896 1033 s.
913 993 940 1034 v.
958 970 1125 1056 σαπέρδης
1147 960 1291 1042 nominat,

149 1075 279 1128 ceterum
297 1067 386 1130 habet
400 1064 501 1151 κόραξ
516 1115 523 1131 .
537 1115 565 1131 ..
582 1070 636 1131 καὶ
662 1069 760 1148 ἰχθὺς
782 1067 899 1143 ποιόςς
920 1079 1009 1151 etque
1024 1071 1102 1151 quod
1127 1071 1163 1132 de
1186 1071 1290 1131 eodem

149 1163 283 1244 Diphilus
306 1167 377 1228 dicit
398 1168 475 1248 apud
498 1168 604 1230 Athen.
621 1188 650 1248 p.
668 1167 764 1230 356A
788 1169 842 1231 καὶ
872 1165 891 1232 ὁ
917 1166 1019 1251 κόραξ
1042 1165 1170 1251 ἱέρακος
1192 1167 1291 1251 σκλη-

149 1259 280 1347 ρότερος
303 1266 415 1345 optime
438 1269 495 1329 hoc
516 1269 652 1347 congruit
675 1286 741 1328 cnm
766 1268 850 1331 Celso
873 1269 924 1349 qui
947 1286 1068 1344 corvum
1097 1269 1186 1331 babet
1213 1269 1292 1329 inter

149 1363 243 1442 pisces
266 1364 355 1425 duros
371 1365 397 1426 ll
414 1364 461 1427 18.

234 1461 357 1524 Gravior
384 1463 510 1525 fortasse
537 1462 686 1542 aliquanto
713 1466 904 1542 congruentia
927 1465 1008 1526 haec.
1052 1465 1087 1526 ln
1111 1481 1191 1526 nono
1213 1464 1291 1524 Plini

149 1559 225 1620 liora
247 1561 337 1641 piscis
361 1571 544 1625 memoratur
567 1582 656 1624 zeus
684 1563 728 1623 vel
754 1563 856 1624 leber
878 1568 909 1639 (ξ
931 1562 999 1638 68);
1027 1570 1115 1643 atque
1136 1562 1219 1624 faber
1241 1563 1292 1642 qui

148 1674 233 1720 rurus
267 1669 388 1721 vocatur
419 1661 450 1722 in
474 1660 703 1722 Halieuticorum
727 1662 858 1723 carmine
884 1661 962 1723 idem
984 1662 1023 1722 sit
1045 1669 1134 1741 atque
1156 1656 1292 1739 χαλκεὺς

149 1757 289 1819 Athenaei
305 1777 334 1838 p.
351 1756 412 1818 318
428 1767 457 1820 et
473 1759 622 1839 Oppianil
639 1758 707 1831 133,
724 1778 792 1820 zeus
807 1777 877 1821 vero
893 1760 980 1820 etiam
996 1759 1092 1821 rarius
1107 1776 1218 1819 nornen
1234 1766 1292 1831 est;

149 1854 206 1915 iam
230 1855 262 1915 in
284 1857 413 1934 catalogo
436 1866 539 1917 nostro
563 1857 730 1919 invenimus
752 1857 851 1938 potius
874 1876 941 1919 zoes
963 1857 1008 1919 vel
1030 1857 1061 1918 iu
1084 1855 1294 1936 Hembergensi

148 1957 223 2021 zois,
266 1971 341 2033 quae
377 1954 511 2014 sumatur
547 1975 562 2015 a
601 1955 759 2015 Columella
797 1956 942 2034 scriptura
982 1954 1129 2034 siquidem
1174 1955 1293 2033 scripsit

149 2052 206 2113 iste
219 2052 283 2129 lllll
301 2052 349 2124 16,
366 2052 399 2113 9:
433 2063 466 2112 ut
486 2052 616 2114 Alontico
642 2054 728 2132 suber
755 2057 804 2132 qut
823 2064 850 2114 et
871 2057 902 2115 tu
924 2059 1022 2115 ndstra
1047 2038 1171 2114 Gadium
1192 2056 1292 2114 mual-

150 2154 220 2230 ca'pio
233 2153 454 2230 generosissimis
466 2151 590 2229 piscibus
605 2152 815 2212 adnumeretur
837 2171 954 2233 memque
973 2155 1070 2231 pre'scu
1091 2153 1292 2212 consuetudine

150 2267 252 2310 zucam
274 2248 331 2327 (vel
354 2249 469 2328 codrum)
493 2249 647 2330 appellunt.
692 2249 867 2330 Hesychius:
903 2247 1005 2322 ζαιος·
1039 2247 1127 2322 εἶδος
1163 2245 1292 2327 ἰχθύος.

151 2347 292 2426 Sequitur
312 2357 346 2410 ut
368 2349 493 2410 Pliniani
516 2353 579 2410 zois
601 2367 745 2410 numerus
769 2367 831 2410 non
853 2351 972 2429 pluralis
995 2350 1035 2411 sit
1056 2358 1195 2430 recteque
1214 2349 1294 2410 Silli-

150 2445 216 2525 gius
240 2446 352 2508 dederit
373 2447 458 2526 saber
486 2450 544 2508 sa'oe
571 2465 658 2508 zueau
679 2467 768 2527 quem
797 2465 956 2509 numerum
991 2448 1168 2526 singularem
1204 2448 1292 2510 etiam

150 2544 413 2606 accomodatiorem
447 2555 507 2607 tam
542 2563 608 2606 raro
637 2546 709 2626 pisci
737 2546 873 2607 dixerim.
917 2546 951 2606 ln
974 2562 1055 2607 nono
1082 2554 1183 2606 autem
1217 2546 1292 2606 libro

150 2638 219 2704 zeus
240 2645 327 2724 plane
349 2664 365 2706 a
387 2644 506 2705 librario
529 2644 715 2724 suppositum
740 2652 786 2705 est
808 2662 862 2724 pro
884 2662 982 2706 zatus.

235 2740 414 2803 Rarissimus
436 2742 508 2802 item
531 2740 580 2802 ille
603 2742 653 2822 qui
676 2741 707 2801 in
729 2743 859 2820 catalogo
882 2742 990 2805 dicitur
1011 2741 1164 2804 lamirus
1187 2742 1293 2822 (prima

152 2856 241 2902 manu
264 2839 295 2900 in
319 2840 382 2901 cod.
398 2841 435 2901 B:
470 2840 630 2916 tomeun
664 2841 788 2902 eandem
822 2839 999 2919 scripturam
1022 2838 1181 2902 Halieutica
1205 2841 1294 2902 latina

150 2936 293 3017 praebent
308 2938 428 3001 lumime
443 2939 654 3000 terminatione
668 2957 779 3018 graeca,
803 2936 854 2999 ubi
876 2937 1007 3017 lampius
1021 2938 1155 3000 licentiae
1170 2938 1295 3000 Gesneri

151 3035 284 3097 debetur.
322 3038 418 3117 Atque
441 3038 477 3098 de
500 3038 623 3098 nomine
643 3037 708 3117 ipso
730 3037 857 3099 diximus
872 3057 900 3117 p.
920 3037 993 3097 ltu*
1027 3037 1140 3097 Eodem
1163 3038 1294 3098 carmine

152 3143 182 3196 et
212 3135 244 3196 in
278 3136 376 3196 arenis
411 3136 517 3214 degere
549 3134 673 3196 lamirus
700 3135 797 3197 fertur
819 3145 849 3197 et
871 3135 991 3197 smaridi
1014 3134 1295 3215 similibusquead-

152 3233 299 3312 iungitur3
322 3233 468 3294 similibus
491 3234 659 3309 (trachurus
683 3235 761 3296 enim
785 3234 817 3295 in
839 3234 937 3296 arenis
960 3234 1065 3313 degere
1089 3234 1196 3296 dicitur
1218 3235 1293 3315 Opp.

151 3331 164 3392 l
179 3330 234 3410 99)
249 3328 386 3412 λάριμος
402 3331 571 3410 adiungitur
586 3333 663 3412 apud
681 3332 850 3412 Oppianum
867 3333 905 3393 lll
922 3332 1001 3406 3993
1024 3331 1121 3411 itaque
1137 3332 1295 3411 pisciculos

152 3428 309 3510 utrobique
333 3430 411 3490 idem
436 3439 466 3490 et
488 3449 566 3491 unus
595 3431 649 3490 dici
673 3439 753 3492 recte
784 3431 862 3491 risus
885 3439 937 3492 est.
982 3430 1047 3503 Quo
1078 3429 1165 3491 etiam
1195 3431 1295 3493 minus

152 3527 267 3589 abicere
290 3529 391 3589 deceat
417 3529 574 3590 lectionem
597 3529 779 3609 Oppianeem
802 3525 941 3610 λάριμος
976 3528 1115 3590 omnibus
1149 3530 1295 3592 firmatam

153 3627 358 3705 manuscriptis
374 3626 424 3702 (cf.
440 3627 531 3687 schol.
547 3627 582 3687 ed
598 3625 631 3705 1.)
650 3634 766 3706 praeter
783 3645 876 3687 unum
892 3626 984 3686 l‘aris.
1001 3625 1013 3685 I
1029 3625 1080 3687 uhi
1095 3635 1140 3687 est
1160 3625 1296 3707 λαρινόν

152 3726 212 3806 (γρ.
229 3721 393 3807 respon.
432 3723 526 3784 Simul
548 3723 676 3785 formam
698 3718 831 3804 λα’ρικος
851 3723 976 3802 Hesychi
999 3725 1158 3785 auctoritas
1180 3734 1293 3787 tuetur:

152 3818 301 3903 λαρινος·
337 3818 436 3900 ἰχθύς
458 3816 565 3893 ποιός.
610 3821 712 3901 ltaque
745 3829 775 3884 et
807 3819 944 3903 λαρινόν
966 3821 1069 3884 Graeci
1102 3830 1131 3884 et
1154 3820 1296 3905 Adloquor

153 3920 295 3982 rorabant
326 3921 511 3999 alterumque
541 3921 617 3999 apud
640 3921 790 3981 Romanos
814 3920 907 3998 magis
936 3919 968 3980 in
1003 3917 1144 4002 λάμιρον
1166 3921 1295 3984 abiebat.

153 4018 347 4098 coniungitur
369 4016 457 4097 piscis
480 4017 557 4096 apud
581 4018 747 4097 Oppianum
763 4018 782 4079 l.
798 4019 816 4079 l.
832 4037 899 4080 cum
923 4018 1102 4081 chalcidibus
1125 4028 1156 4079 et
1178 4020 1295 4081 thrissis

153 4126 183 4178 et
210 4117 356 4211 trachuriq
382 4116 461 4195 iique
495 4111 600 4176 omnes
623 4117 793 4177 catervatim
816 4125 958 4193 vagentur
981 4116 1103 4196 capique
1126 4119 1295 4179 catervatim

152 4216 308 4290 ridentur3
339 4214 411 4275 hinc
443 4215 596 4293 perunum
632 4216 743 4294 piscem
777 4215 868 4276 luisse
901 4215 1061 4292 colligitur;
1095 4216 1212 4294 parvula
1248 4217 1296 4276 ni-

154 4314 262 4374 mirum
297 4313 404 4374 chalcis
427 4329 545 4392 quoque
579 4324 608 4373 et
642 4331 708 4373 cum
743 4331 848 4374 maeno
880 4315 1035 4375 coniuncte
1058 4312 1180 4390 (Aeliani
1197 4315 1208 4374 l
1227 4312 1296 4389 18);

153 4411 232 4472 idem
255 4411 311 4472 fuit
333 4429 386 4471 cur
409 4413 497 4472 etiarn
520 4411 598 4489 epud
616 4411 752 4472 Ovidium
774 4413 879 4472 lalsum
902 4430 960 4473 une
984 4421 1167 4491 ponerentur
1190 4430 1295 4474 maeua

205 4511 293 4562 Birt,
312 4510 342 4554 de
355 4510 498 4554 halieuticis.
1104 4513 1138 4567 12
