2902 5040
679 291 901 356 ..34-

215 471 286 533 bum
311 489 378 532 cum
401 488 455 550 per
469 476 565 531 totum
583 468 743 548 Vergilium
765 468 870 542 semel,
891 467 936 529 bis
959 475 1074 530 tantum
1098 487 1152 548 per
1174 476 1273 533 totum
1289 469 1361 533 Ovi·

216 570 297 632 dium
326 571 370 630 vel
393 588 446 649 per
467 568 777 630 Transformationum
806 585 946 629 versuum
974 567 1129 629 duodecim
1152 568 1230 630 milia
1254 569 1360 650 depre-

214 668 419 742 henderimus,
447 676 593 749 quantum
615 667 652 730 ab
675 667 732 728 boo
747 676 833 747 poeta
856 666 1019 728 hexametri
1042 667 1138 728 nostri
1162 676 1282 730 centum
1306 669 1361 730 tri-

215 766 295 848 ginta
320 768 457 829 dillerant
475 768 589 829 senties
612 766 638 827 si
661 775 722 828 tres
746 766 801 827 hos
823 765 855 827 in
878 765 914 827 iis
936 765 1018 826 locos
1040 764 1162 829 videris:
1191 767 1275 847 fulvo
1298 778 1360 829 ter-

212 885 280 947 qore
303 886 329 926 v.
346 867 400 940 64;
430 870 513 947 ua'qro
546 876 658 946 terpora
678 885 705 927 v.
729 865 786 940 953
807 863 907 926 molles
932 875 1042 944 tergore
1065 885 1091 925 v.
1110 865 1181 928 126.
1226 865 1300 927 Nam
1323 866 1360 927 ad

213 965 362 1027 sermonis
391 966 562 1028 varietatem
587 965 750 1044 augendam
774 972 888 1044 praesto
912 963 1047 1026 videlicet
1071 973 1101 1024 et
1122 964 1207 1044 pellis
1231 972 1261 1027 et
1284 964 1360 1026 cutis

215 1072 298 1125 erant
320 1071 350 1124 et
373 1063 450 1125 coria
474 1071 504 1126 et
526 1064 571 1143 (in
595 1082 621 1124 v.
638 1064 692 1142 64)
714 1062 835 1138 vellera,
866 1082 963 1144 neque
990 1083 1052 1125 non
1076 1063 1163 1126 scribi
1187 1063 1360 1144 simpliciter

212 1162 335 1224 licebat:
358 1162 454 1224 fulvae
476 1162 588 1236 damae,
612 1163 690 1240 nigri
705 1162 798 1236 milui,
821 1180 910 1224 ranae
927 1163 1045 1237 molles3
1066 1163 1115 1225 ille
1138 1181 1207 1225 vero
1230 1163 1267 1225 de
1290 1163 1361 1224 dac·

213 1261 272 1342 tylo
296 1260 472 1340 desperabat
494 1262 578 1342 pedis
602 1261 707 1341 quinti.

297 1360 400 1422 Restat
434 1370 467 1423 ut
497 1379 572 1440 quae
605 1361 734 1440 scriptor
767 1359 799 1421 in
830 1366 929 1421 artum
949 1359 1031 1421 buno
1052 1360 1150 1421 locum
1176 1378 1250 1421 nove
1273 1367 1360 1440 atque

212 1459 300 1521 etiam
323 1458 371 1519 hic
393 1459 452 1521 illic
468 1460 625 1521 temerarie
643 1460 719 1521 dicta
740 1457 951 1537 constipaverit
965 1467 1126 1538 conspectu
1140 1465 1359 1538 proponantur.

212 1558 309 1619 Tenes
332 1559 484 1636 geminum
507 1567 673 1638 parentem,
697 1567 780 1620 tenes
798 1575 895 1618 moras
912 1558 1071 1619 oblectatae
1093 1565 1181 1637 atque
1204 1557 1276 1619 illud
1295 1573 1361 1618 mo·

212 1658 312 1719 derori
330 1657 419 1736 meus
440 1657 564 1729 loct-ut
587 1658 641 1718 alia
664 1657 790 1719 mittam.
828 1655 894 1716 Non
916 1656 1012 1716 babeo
1035 1673 1164 1736 quocum
1187 1673 1359 1734 comparem

211 1755 282 1817 illud
305 1756 433 1817 viridum
455 1756 487 1816 in
510 1775 536 1816 v.
554 1753 594 1815 90
618 1755 772 1817 transitive
794 1754 923 1832 positum
943 1771 1106 1834 -neque
1129 1753 1208 1816 enim
1232 1754 1360 1833 Vergilio

211 1854 322 1934 placuit
349 1854 408 1915 uisi
436 1853 625 1934 participium
655 1855 797 1927 cludens,
828 1853 857 1914 id
888 1860 933 1913 est
954 1853 1057 1914 viridis
1083 1886 1125 1897 -
1151 1863 1360 1932 praeterquam

212 1954 292 2033 quod
316 1953 449 2014 Valerius
463 1953 585 2015 Flaccus
601 1953 748 2015 Bacchum
772 1951 890 2014 exhibet
912 1950 1011 2013 hastas
1034 1949 1157 2012 lloribus
1181 1951 1263 2013 nexis
1285 1951 1359 2014 viri-

211 2051 332 2113 dantem
354 2052 392 2111 vl
409 2051 479 2113 136.
523 2052 617 2114 Porro
644 2051 751 2130 reliqui
784 2059 889 2131 poetae
921 2050 1052 2112 innocuo
1086 2048 1275 2130 opponebant
1309 2059 1361 2112 aut

211 2158 369 2211 nocentem
392 2159 444 2211 aut
467 2151 606 2227 noxium;
631 2151 688 2212 iste
718 2169 786 2213 vero
817 2157 974 2231 postquam
995 2166 1100 2210 uocaus
1120 2167 1146 2210 v.
1164 2147 1204 2208 30
1228 2157 1258 2210 et
1278 2151 1360 2210 noci-

211 2258 295 2310 turus
317 2268 344 2309 v.
364 2249 422 2310 116
446 2250 559 2328 posuit,
583 2249 640 2310 iam
663 2270 689 2310 v.
716 2247 774 2309 130
799 2248 938 2310 exhibere
961 2247 1136 2310 adieetivum
1158 2266 1266 2309 uoeuus
1288 2267 1357 2310 sus·

212 2347 298 2426 cepit,
323 2347 403 2426 quod
418 2357 535 2427 praeter
560 2348 641 2408 hunc
661 2364 723 2409 non
738 2347 868 2409 occurrit
890 2346 948 2408 nisi
971 2346 1049 2426 apud
1072 2346 1357 2409 medicamentorum

211 2445 387 2525 scriptorem
411 2446 597 2508 Scribonium
620 2447 746 2526 Largum
777 2447 849 2506 114:
876 2445 1035 2527 pastillus·
1052 2491 1059 2506 .
1077 2463 1154 2526 .quo
1182 2448 1264 2526 quusi
1285 2464 1358 2508 ccu-

213 2546 283 2606 terio
305 2556 373 2606 tuuc
397 2547 593 2608 tautummodo
607 2549 653 2608 uti
672 2556 789 2626 oportet,
812 2545 921 2625 ulloqui
943 2553 1038 2617 meon
1060 2543 1176 2625 ideoque
1198 2562 1217 2605 c
1239 2545 1357 2626 quibus·

213 2643 281 2704 dom
309 2644 508 2723 ignorantibus
538 2648 598 2706 eius
626 2664 696 2707 usus
717 2655 870 2707 accusetur
891 2647 976 2723 quasi
1002 2660 1124 2716 uocuus;
1153 2649 1255 2723 postea
1278 2644 1357 2723 apud

210 2740 375 2804 Martialem
386 2743 426 2803 ill
442 2742 482 2804 99
497 2762 523 2803 ν.
541 2743 569 2817 3,
593 2745 682 2806 modo
706 2743 876 2825 sequendus
899 2742 949 2803 hic
968 2757 1086 2822 quoque
1101 2740 1260 2804 Tbuaneus
1282 2741 1358 2804 liber

210 2839 249 2900 sit
272 2840 323 2920 qui
347 2859 425 2902 unus
449 2842 570 2922 praebet
589 2844 654 2905 Nou
676 2862 795 2916 uacuos,
827 2841 933 2921 reliqui
961 2841 1026 2902 lere
1050 2857 1169 2902 omnes:
1197 2839 1357 2914 Innocuam

211 2946 256 3000 est
279 2939 357 3001 enim
373 2940 518 3002 nimirum
542 2941 627 3005 etiam
652 2942 703 3005 ubi
731 2941 923 3021 corrigendus
946 2940 994 3002 ille
1017 2940 1057 3001 sit
1079 2959 1114 3000 ex
1135 2938 1258 3019 reliquis
1281 2955 1355 3001 oon-

209 3037 376 3117 trariusque
398 3039 447 3100 hic
468 3040 550 3102 loeus
572 3042 651 3103 foret
672 3041 709 3102 iis
731 3060 807 3122 quae
830 3041 866 3102 de
888 3040 939 3101 tali
954 3038 1111 3117 negatione
1134 3037 1356 3101 observavimus

209 3234 339 3312 primum
364 3255 428 3297 esse
455 3237 491 3298 ab
514 3237 747 3302 Halieuticorum
769 3239 915 3318 scriptore
945 3238 1053 3300 ductus
1079 3236 1116 3297 iis
1139 3254 1214 3316 quae
1237 3235 1357 3315 scripsit

208 3331 311 3394 Koene
341 3334 437 3396 Ueber
465 3336 511 3397 die
539 3337 669 3416 Sprache
696 3339 723 3399 d.
751 3339 854 3399 Roem.
878 3336 987 3416 Epiker
1013 3355 1042 3415 p.
1062 3333 1134 3395 218.
1178 3333 1264 3395 Nunc
1284 3351 1354 3395 vero

208 3438 367 3511 postquam
398 3433 526 3496 Neronei
559 3435 642 3497 illum
673 3437 816 3517 temporis
850 3454 917 3497 esse
949 3433 1095 3506 intellexi,
1127 3431 1213 3493 buius
1246 3433 1354 3494 saeculi

208 3529 408 3593 luxuriantem
432 3552 602 3595 sermonem
632 3536 786 3613 agnovisse
809 3531 967 3596 contentus
990 3551 1057 3594 sum
1082 3531 1156 3610 (non
1179 3538 1248 3609 apte
1271 3549 1356 3592 com-

208 3628 324 3709 parabis
347 3633 447 3711 re'quus
469 3633 578 3713 quippe
596 3633 641 3695 oui
657 3652 718 3696 non
732 3635 915 3697 contrarium
931 3635 1059 3712 irriguus
1074 3632 1135 3709 sit),
1159 3652 1226 3696 cum
1250 3634 1354 3697 eadem

208 3727 271 3789 iero
300 3736 396 3791 aetate
425 3731 513 3792 etiam
543 3731 728 3794 rarissimum
756 3733 826 3794 illud
855 3739 973 3797 nocivus
999 3733 1049 3813 (ci.
1070 3735 1226 3798 Phaedril
1247 3736 1298 3809 29,
1321 3736 1354 3813 3)

111 3893 119 3907 g
209 3833 309 3888 ortum
332 3847 397 3890 esse
420 3828 568 3905 videatur;
598 3849 695 3911 neque
726 3840 771 3893 est
799 3833 876 3894 enim
905 3852 964 3914 quo
994 3833 1153 3896 confirmes
1182 3834 1270 3896 etiam
1299 3835 1354 3896 ad·

16 3966 53 4013 w.
87 3947 112 4035 ὅ)
166 3926 352 4027 ιΙνετεθνίοε
381 3927 518 3990 Scriboni
546 3949 616 3992 voce
644 3946 753 3992 nocuus
779 3950 851 3992 usos
878 3932 977 3994 luisse.
1024 3932 1134 3994 Eodem
1163 3934 1226 3995 loco
1253 3933 1353 4015 ipsum

208 4022 346 4086 ordinem
369 4026 526 4089 verborum
556 4028 648 4091 hunc:
684 4032 766 4109 spino
798 4049 908 4093 nocuus
939 4049 998 4092 uou
1029 4032 1129 4112 gobius
1160 4031 1225 4094 ullu
1258 4040 1287 4094 et
1320 4033 1353 4094 in

110 4148 117 4160 v
154 4110 168 4129 ⁸
208 4120 313 4185 Ovidio
337 4123 553 4187 intolerabilem
576 4127 637 4188 dixi
660 4127 744 4188 etin
777 4138 864 4209 poeta
898 4130 1002 4210 quovis
1035 4129 1128 4205 bono;
1161 4130 1353 4193 scribendum

208 4220 288 4282 enim
311 4223 402 4286 luisse
424 4223 485 4285 fere
508 4230 591 4305 minc
611 4243 673 4288 nou
698 4246 807 4289 nocuus
833 4228 933 4308 gobius
960 4228 1037 4302 ullu,
1065 4228 1155 4309 idque
1183 4229 1292 4291 sentiet
1321 4229 1353 4291 ni

206 4316 290 4381 fallor
312 4322 363 4401 qui
387 4328 471 4384 curet
493 4323 564 4401 quid
579 4324 617 4386 sit
639 4324 764 4406 elegans,
787 4345 968 4407 quamquam
989 4326 1133 4389 iudicium
1157 4335 1271 4390 certum
1294 4328 1352 4390 nisi

207 4435 223 4479 a
246 4418 425 4482 collectanea
454 4421 594 4485 similium
623 4424 756 4488 locorum
785 4427 820 4488 ad
853 4445 947 4489 unum
971 4426 1104 4488 omnium
1129 4423 1352 4509 comparatione
