2902 5040
651 296 891 360 -166-

202 475 232 535 in
267 474 400 534 ordinem
436 473 525 535 istum
553 473 700 551 redegisse
727 473 830 532 orodes
857 491 946 552 quem
976 481 1074 534 muron
1098 474 1134 533 ad
1157 474 1269 553 reliqua
1293 474 1346 535 ad-

202 573 309 652 plicare
332 569 451 632 noluit?
482 572 519 631 Et
541 588 594 649 ogo
615 570 734 650 quidam
752 570 883 650 quamvis
904 570 1039 632 conscius
1062 589 1126 632 rem
1149 572 1185 632 ad
1201 572 1347 651 liquidum

202 671 324 753 perduci
348 672 427 733 nollo
451 671 540 732 modo
563 689 661 749 posse,
684 678 784 739 umen
800 670 898 749 specie
913 670 1009 750 aliqua
1025 671 1182 748 protrahor
1195 678 1230 732 ut
1245 689 1348 750 gram-

203 771 342 835 maticum
377 773 432 834 hoc
454 771 630 850 opuseulum
658 756 755 831 totum
783 779 936 849 receptum
963 769 1001 830 ab
1025 769 1081 831 alio
1115 789 1180 831 esse
1207 771 1349 851 suspicer

203 870 416 932 maritimarum
432 888 533 932 rerum
550 869 682 931 studioso
698 886 796 948 necare
811 868 946 933 dissimili
969 869 1031 929 aius
1052 869 1102 949 qui
1117 869 1348 932 halieuticorum

202 969 364 1032 latinorum
377 968 541 1046 catalogum
554 967 731 1046 composuit.
754 968 814 1030 lam
828 975 975 1029 verouota
987 967 1111 1047 piscium
1125 969 1246 1030 nomina
1260 970 1347 1032 etiam

203 1067 352 1132 rarissima
364 1067 460 1147 aliqua
475 1066 574 1128 inesse
588 1075 676 1146 atqua
691 1067 767 1127 adeo
782 1065 840 1126 nisi
855 1066 891 1127 ad
907 1065 1158 1148 comparationem
1175 1067 1351 1147 Diogeuiani

203 1167 279 1248 apud
302 1166 479 1246 Hesychinm
503 1167 539 1228 da
561 1165 690 1247 piscihus
715 1166 890 1231 collectanea
916 1172 1034 1245 praesto
1056 1174 1155 1231 essent
1178 1185 1273 1246 paena
1300 1168 1348 1228 in-

205 1264 330 1345 cognita.
375 1265 477 1345 ltaque
510 1265 546 1331 ad
580 1263 744 1328 doctrinam
780 1264 856 1324 hanc
888 1264 1110 1344 exquisitionem
1145 1265 1350 1329 illustrandam

204 1379 398 1444 quaecunque
419 1361 560 1442 ponderis
583 1361 692 1442 aliquid
715 1363 826 1426 hahent
841 1363 898 1424 hoc
918 1364 984 1424 loco
1004 1371 1217 1444 componentes
1241 1384 1350 1446 operae

203 1462 331 1544 pretium
353 1460 449 1522 lacere
464 1459 639 1529 ridebimur.
676 1460 824 1533 Quoniam
840 1479 909 1522 roro
932 1479 994 1522 non
1018 1461 1117 1523 omnia
1134 1463 1254 1525 uomina
1269 1464 1350 1527 nuda

203 1569 364 1643 ponuntur.
388 1561 437 1623 sed
462 1561 550 1622 odam
566 1561 703 1640 parvulae
718 1561 947 1640 explicationum
966 1562 1007 1623 vel
1028 1562 1256 1625 adnotationum
1280 1565 1352 1626 reli-

204 1661 291 1741 quiae
327 1659 376 1720 his
410 1658 468 1720 illis
505 1659 637 1721 adnexae
671 1669 758 1732 sunt,
802 1668 888 1721 antea
927 1660 964 1720 ad
1002 1660 1055 1720 has
1095 1661 1352 1726 adnotatiunculae

205 1758 415 1821 examinandas
448 1775 503 1820 nos
533 1767 743 1820 convertamus
764 1777 888 1837 quarum
911 1759 1074 1825 nonnullae
1097 1759 1217 1840 quidem
1241 1763 1354 1826 tantuli

170 1860 172 1864 ’
204 1857 290 1940 pretii
314 1866 384 1923 suot
406 1868 440 1919 ot
461 1859 507 1919 rel
527 1878 543 1920 a
567 1857 663 1920 Plinio
686 1857 808 1919 iniectas
822 1876 889 1919 esse
904 1875 991 1938 posse
1010 1858 1170 1920 credideris
1186 1859 1265 1939 (vide
1285 1879 1350 1924 soe·

204 1975 282 2028 rum,
306 1957 372 2019 vide
394 1957 525 2030 turdum,
548 1957 616 2019 vide
634 1957 811 2021 concharum
834 1957 966 2038 genera),
989 1957 1061 2019 aliae
1083 1967 1184 2021 tamen
1199 1977 1258 2022 una
1280 1979 1350 2023 cum

204 2056 327 2117 nomine
358 2065 494 2135 receptae
525 2057 676 2127 videntem
710 2055 817 2119 harum
849 2074 917 2118 vero
951 2056 1096 2136 plurimae
1129 2067 1284 2139 excerptae
1315 2078 1352 2121 er

206 2154 372 2217 Xenocrate
395 2155 509 2217 medico
525 2165 595 2218 sunt
616 2157 701 2219 cuius
722 2163 874 2236 superstes
896 2156 1012 2221 libellus
1034 2164 1079 2218 est
1100 2152 1177 2238 recol
1204 2158 1261 2240 erig
1286 2159 1357 2223 τῶν

207 2243 358 2336 ἐνύδρων
382 2253 513 2338 τροφῆς.

291 2352 387 2433 Atque
413 2353 544 2434 mimum
569 2352 675 2417 similia
704 2371 781 2434 quae
800 2353 884 2433 apud
907 2353 1106 2418 Xenocratem
1133 2355 1273 2434 leguntur
1297 2357 1351 2418 ad-

210 2469 366 2514 vocemus:

209 2589 370 2670 cybium:
407 2589 448 2651 ita
483 2600 603 2653 uocatur
640 2591 768 2673 pelamys
796 2610 859 2672 cap.
878 2589 931 2652 et:
959 2587 1075 2670 κύβιον
1090 2590 1244 2674 πηλαμὺς
1270 2593 1355 2676 μετὰ

210 2706 285 2768 quae
317 2696 384 2770 post
406 2687 457 2757 XL
479 2689 541 2751 dies
568 2710 584 2751 a
616 2690 713 2752 Ponto
736 2691 767 2751 in
795 2683 1356 2773 τεσσαράκοντιιήμέραςἆπὸΠόν-

209 2788 349 2850 Maeotim
372 2789 538 2857 revertitur.
794 2809 852 2852 eoo
882 2784 941 2849 ἐπὶ
972 2783 1129 2850 Μαιῶτιν
1157 2787 1277 2876 λίμνην
1306 2791 1356 2870 (in

793 2888 876 2951 libris
903 2883 1103 2971 duellionem
1128 2885 1212 2967 μετὰ
1237 2887 1358 2974 λίμνην

794 2988 840 3049 vel
855 2982 925 3049 ἀπὸ
939 2984 1068 3050 Πόντου
1089 2984 1172 3067 μετὰ
1186 2986 1356 3071 Menalip-

795 3090 864 3171 νην)
881 3079 1140 3173 θποσιρέφονσα

105 3214 111 3235 ’
211 3225 364 3301 thomae
413 3228 591 3298 strictae,
645 3221 1259 3306 chomaooap.31:coieddxpnads
1286 3223 1359 3300 τὰς

211 3314 333 3402 laios,
385 3328 506 3397 chonias
555 3325 767 3406 peloridum
795 3319 1361 3405 noraxelocrdexeneoldoci'eccs

211 3426 342 3504 generis„
372 3426 555 3497 verietate
584 3425 768 3493 distantes
796 3420 967 3497 καλοῦσιν,
1004 3417 1037 3489 oi
1067 3419 1104 3485 di
1132 3419 1252 3500 κάννας

212 3533 249 3592 et
316 3525 599 3598 rotunditate,¹¹
648 3517 1058 3593 carraccetenses
1093 3520 1223 3605 χῆμαι
1262 3522 1361 3606 merod:

212 3623 498 3703 glycpmarides„
547 3641 642 3702 quae
683 3630 773 3690 sunt,
797 3616 881 3704 perot
892 3619 1093 3703 diocoesarea
1107 3617 1173 3687 νῶν,
1187 3622 1356 3705 τραχειῶν.

214 3720 540 3804 marocenorum
562 3721 772 3804 pelorides
797 3739 857 3802 cap.
876 3719 935 3790 32:⁸
954 3715 1044 3787 eide
1059 3717 1358 3805 νλιιινμαρλιλις

796 3820 1006 3902 summarum
1035 3822 1101 3889 aas
1135 3816 1361 3904 laceratam·

797 3916 938 3997 aaaron„
962 3910 1104 4000 deseos
1114 3914 1152 3996 (t).
1166 3915 1186 3985 d
1194 3917 1208 3983 ὲ
1223 3917 1358 3990 nedo-

798 4015 928 4102 eldea
942 4016 990 4096 (cl.
1008 4035 1069 4097 eall·
1090 4014 1141 4085 182:
1157 4014 1358 4102 νλννυμᾱρί·

798 4115 875 4192 dee„
893 4161 902 4176 .
918 4161 925 4179 .
943 4161 955 4185 .,
966 4115 1218 4198 peroraverat
1240 4114 1278 4185 dd
1292 4115 1358 4181 ede

799 4213 1022 4300 eadmeidanrlv·
1053 4213 1356 4284 διαλλάπτονσι

799 4312 837 4379 el
866 4313 953 4386 καιὰι
978 4308 1103 4388 adnuet
1131 4323 1202 4388 tole
1232 4313 1357 4383 etatem

800 4410 848 4490 oie
872 4411 1104 4498 ocimoides
1120 4412 1178 4484 sol
1192 4414 1288 4500 χυμῷ
1300 4413 1356 4485 ael
