2902 5040
607 285 826 348 „qq-

147 464 238 527 etiam
259 462 341 522 exire
363 464 451 535 toras,
471 462 505 522 in
534 469 662 532 terram,
688 460 721 521 in
741 461 925 540 provintiam
953 460 1076 537 dieitur3
1105 470 1138 523 at
1168 463 1295 525 emitti

147 582 212 642 per
233 560 376 623 riseera
398 560 511 622 telum
532 577 596 620 nou
611 560 706 638 magis
720 569 823 638 aptum
838 560 916 621 duco
930 577 1021 640 quam
1035 560 1063 620 si
1076 561 1144 640 quis
1157 560 1295 624 alicunde

147 661 183 721 in
207 659 251 720 rel
274 676 338 738 per
364 658 492 738 aliquam
515 658 638 719 domum
666 657 782 718 dioetur
808 657 925 719 exire.
966 657 1045 719 Iline
1068 658 1162 738 igitur
1181 659 1296 723 tadum

148 767 181 819 ut
207 776 325 836 semper
347 757 477 818 seribere
506 756 607 816 mallet
628 756 708 815 Naso
730 756 875 816 demittere
895 757 1011 834 serram
1031 762 1063 817 r’rr
1083 756 1134 817 rlrir
1155 757 1223 819 llet.
1246 759 1295 829 tv,

151 855 227 928 119;
252 857 325 916 item
351 854 404 915 tn
431 853 512 925 4363
536 872 631 914 ensem
658 857 690 914 ἔκ
720 871 818 914 omos
845 852 909 914 ΧΠ.
938 853 1020 927 486ς
1047 856 1165 934 [mn
1194 855 1297 936 utputo

149 954 269 1015 Heroid.
290 953 366 1024 XII,
388 953 425 1027 53
457 951 594 1013 similiter
616 970 723 1013 census
753 952 787 1012 iu
808 952 919 1012 viscera
941 951 1110 1014 demittitur
1129 948 1197 1013 Uet.
1220 952 1296 1024 rm,

148 1051 229 1124 837,
260 1070 390 1132 quocum
418 1054 454 1112 ct
477 1050 567 1112 Ibidis
590 1070 616 1111 r.
639 1049 713 1112 385.
755 1050 900 1130 Vergilius
921 1068 992 1113 rero
1012 1050 1092 1112 bane
1111 1050 1306 1135 locutionem¹

147 1150 312 1229 ignorabat.
344 1148 439 1211 Omisi
454 1149 630 1211 Oridianum
653 1148 824 1228 exemplum
845 1167 939 1211 uuum
962 1149 1043 1228 qnod
1064 1157 1112 1212 est
1129 1149 1201 1213 flet.
1215 1148 1297 1220 xttr,

150 1249 211 1310 694
241 1248 377 1328 soletque
398 1248 456 1326 legi
478 1247 524 1308 his
547 1247 748 1326 temporibus:

248 1372 326 1433 Erue
348 1372 418 1432 tacit
439 1372 546 1432 mediis
568 1381 654 1432 natas
676 1370 788 1432 (trione
809 1369 931 1441 Tbebis‚

250 1471 334 1530 ilaue
356 1488 417 1531 nou
440 1470 602 1530 femineum
625 1468 727 1547 iugulo
749 1469 820 1529 dare
850 1468 958 1530 rrrlnus
979 1476 1095 1548 aperto,

251 1569 332 1628 Illam
356 1569 487 1628 demisso
509 1585 564 1647 per
584 1567 673 1628 fortia
694 1576 815 1647 pectora
837 1567 908 1639 telo,

253 1666 312 1726 Pro
336 1667 447 1745 populo
468 1664 609 1726 cecidisse
630 1683 687 1724 suo
707 1664 900 1743 pulchrisque
919 1683 975 1743 per
990 1664 1095 1726 urbem

249 1762 420 1825 Funeribus
441 1763 512 1824 terri
534 1762 703 1841 eelebrique
724 1763 757 1823 in
778 1771 863 1841 parte
884 1763 1019 1823 eremari.

150 1887 222 1948 ltire
243 1888 317 1949 baec
339 1887 426 1949 dicta.
470 1885 596 1947 librarii
617 1884 691 1965 puto
713 1885 823 1964 aliquid
846 1886 916 1947 olim
939 1896 1143 1965 pemroeunt
1179 1886 1299 1948 Seitieet

149 1985 323 2047 bimembris
360 1985 507 2047 sententia
537 1994 585 2045 est
620 1985 672 2044 sed
709 1984 800 2044 altera
836 1984 1020 2045 claudicante
1058 1994 1140 2064 parte
1175 1985 1298 2047 Iuleaui

149 2086 246 2145 iustar
266 2102 355 2162 quem
378 2093 479 2145 tamen
499 2082 622 2144 deorum
640 2082 735 2142 risum
759 2099 819 2142 nou
842 2082 981 2161 effugisse
998 2082 1107 2144 lerunt
1134 2082 1298 2162 Interpon-

150 2193 224 2260 gunt
247 2182 364 2244 curiose
391 2183 432 2242 ita
461 2190 494 2242 ut
515 2182 644 2242 cecidisse
668 2181 704 2241 ad
733 2180 840 2242 Orione
865 2192 955 2242 notos
979 2183 1097 2244 trabere
1125 2182 1297 2244 debeamus.

149 2281 252 2359 ltaque
274 2282 367 2342 Alcon
392 2280 425 2340 in
453 2288 566 2340 cratere
588 2279 662 2340 duas
677 2278 797 2339 Orionis
817 2278 893 2338 filias
912 2279 1055 2340 cecidisse
1075 2280 1154 2352 latit,
1172 2280 1299 2342 altman

150 2378 280 2439 demisso
302 2397 357 2457 per
377 2386 497 2456 pectora
512 2377 573 2436 telo
606 2411 642 2420 -
672 2376 802 2456 optime;
829 2377 951 2437 alteram
974 2377 1075 2456 iugulo
1095 2378 1167 2439 dare
1186 2379 1299 2442 vulnus

150 2511 193 2520 —
214 2473 312 2554 quid?
339 2474 482 2535 cecidisse
503 2470 596 2536 dare?
617 2493 686 2536 ecee
707 2472 898 2548 daudioati03
920 2475 1037 2536 dmrterr
1056 2474 1165 2536 utun
1184 2495 1299 2556 aequa·

151 2574 249 2634 bilitas
261 2571 439 2652 postulabat
461 2571 562 2650 Itaque
573 2571 603 2631 id
616 2571 710 2650 magis
721 2571 850 2632 fortasse
860 2571 987 2650 placebit
998 2573 1165 2652 puellarum
1175 2572 1299 2636 atteram

151 2673 250 2750 iugulo
272 2670 380 2730 vulnus
395 2669 475 2739 dare,
498 2669 618 2730 alteram
633 2670 694 2730 telo
715 2669 845 2729 demisso
859 2688 915 2749 pro
929 2670 1039 2749 populo
1053 2689 1110 2730 suo
1130 2669 1301 2733 oeridisse?

150 2773 337 2849 Quamquam
359 2768 439 2847 quod
462 2768 606 2848 populum
621 2785 680 2829 una
696 2776 814 2828 tantum
830 2769 960 2838 curabat,
975 2786 1036 2828 non
1050 2769 1127 2828 bene
1142 2769 1207 2830 fuit.
1237 2770 1300 2832 Sed

152 2869 236 2948 plura
269 2877 339 2928 sunt
372 2886 447 2945 quae
480 2866 636 2927 miremur.
697 2866 739 2927 lle
766 2865 906 2947 Ilenippa
935 2865 1139 2947 Iletiocbaque
1164 2885 1214 2928 res
1239 2878 1299 2931 est.

151 2967 220 3027 Nou
246 2965 325 3026 idem
347 2965 493 3042 cogitant,
514 2964 606 3025 telum
628 2965 719 3025 altera
740 2964 858 3044 arripit,
887 2965 979 3026 altera
1000 2984 1060 3045 quo
1086 2976 1174 3045 paeto
1194 2965 1299 3046 iugulo

152 3083 213 3126 nou
235 3063 398 3124 femineum
421 3063 530 3124 rulnus
551 3063 604 3123 det
624 3063 743 3124 silentio
763 3063 854 3123 inerti
875 3065 1035 3143 premitur;
1057 3064 1160 3144 atqui
1179 3065 1300 3127 miso-

151 3183 232 3225 mam
254 3164 332 3224 banc
353 3160 483 3222 fabulam
505 3170 624 3241 praeter
644 3161 792 3222 Nmouem
814 3163 942 3222 servarit
967 3162 1136 3223 Antoninus
1155 3161 1300 3227 liberalis

151 3280 216 3341 cap.
231 3260 272 3319 25
288 3277 351 3320 non
365 3258 481 3318 diversa
503 3264 608 3329 morte,
630 3258 684 3318 sed
705 3258 789 3319 radio
810 3258 922 3338 pariter
944 3266 1103 3338 utramque
1116 3279 1172 3340 pro
1185 3263 1300 3343 populo

152 3378 208 3420 suo
240 3357 383 3419 recidisse
415 3356 503 3418 dicit:
537 3351 708 3426 ἐπάταξαν
739 3353 859 3428 ἑαυτὰς
890 3358 929 3443 τῇ
961 3356 1086 3439 κερκίδι
1120 3356 1216 3441 παρὰ
1240 3359 1300 3443 rr'pr

152 3453 269 3519 κλεῖδα
307 3450 362 3516 καὶ
400 3449 583 3537 ἆνέρῥηξαν
614 3452 673 3536 τὴν
705 3449 846 3536 oqayq'v.
911 3457 1014 3535 Itaque
1046 3457 1212 3519 It'ioendreo
1250 3459 1300 3520 liic

152 3554 288 3634 exemplo
309 3562 428 3634 poetam
450 3551 577 3613 latinum
607 3571 696 3613 nsum
719 3572 787 3613 esse
808 3553 967 3614 erederene
996 3551 1191 3617 vetabimur?
1235 3557 1299 3619 lam

152 3662 271 3734 tempus
298 3660 343 3713 est
369 3652 503 3713 animum
531 3661 564 3713 ut
591 3651 727 3712 advertas
752 3652 854 3712 omnia
883 3671 959 3732 quae
984 3662 1089 3714 eontra
1110 3654 1299 3719 Antoninum

152 3751 316 3813 liberalem
332 3749 497 3831 pugnantia
511 3749 633 3810 exbibet
647 3749 725 3810 Naso
748 3767 810 3810 nou
832 3749 933 3811 deberi
955 3750 1013 3811 nisi
1034 3751 1300 3832 interpolatoribus

153 3852 329 3930 sincereque
352 3848 517 3928 antiquitus
537 3847 611 3908 baec
631 3847 733 3926 potius
754 3847 845 3909 tradi:

253 3988 331 4048 Iioee
350 3986 423 4049 fauit
444 3985 551 4046 mediis
572 3995 658 4046 natas
679 3984 791 4046 Orione
812 3984 923 4046 Thebis

252 4088 395 4165 bgmeu
414 4084 579 4145 femineum
601 4083 705 4162 iugulo
725 4083 797 4143 dare
820 4083 927 4144 rulnus
949 4094 1051 4163 aperto

252 4185 345 4245 Illas
365 4183 500 4243 dimisso
522 4200 577 4260 per
596 4181 742 4242 iuertIa
764 4181 916 4242 roluera
936 4183 997 4243 telo

253 4283 313 4343 Pro
333 4281 445 4360 populo
466 4280 610 4340 nonme
630 4298 686 4340 suo
713 4279 905 4358 polubrisque
930 4299 987 4358 per
1004 4279 1111 4341 urbem

254 4380 421 4441 Funeribus
445 4378 520 4439 ferri
544 4397 607 4456 eqs.
