2902 5040
596 313 836 378 ..140-

252 507 341 570 quare
379 489 494 551 nullum
528 490 600 552 lacit
635 489 738 552 nidum
762 488 893 570 *alioqui
925 490 1110 571 trepidum
1148 490 1292 552 animal.

252 588 387 651 Educet
409 607 477 668 ergo
500 589 686 651 subditum
709 589 873 651 adulterato
894 589 971 651 leta
992 589 1091 660 nido,
1120 682 1122 686 ι

151 721 239 782 babet
249 720 423 782 Aristoteles
435 720 465 781 in
477 739 506 800 p.
517 719 614 782 dtssn
625 720 682 781 25:
699 717 792 782 δοκεῖ
802 717 823 781 d
827 713 837 738 ³
849 710 867 780 d
881 718 998 792 κόκκυξ
1008 717 1170 802 φρόνιμον
1182 724 1295 781 ποιεί-

151 820 237 881 σθαι
252 816 311 902 τὴν
328 821 496 881 τέκνωσιν.
525 815 584 880 διὰ
604 816 667 901 γὰρ
690 816 727 880 τὸ
751 815 985 881 συνειδέναι
1010 813 1098 900 αὐτῷ
1122 816 1182 900 τὴν
1207 814 1294 879 δει-

150 915 242 981 λίαν
270 916 327 980 καὶ
356 911 407 980 ὅτι
437 913 496 978 οὐκ
525 913 566 979 ἂν
594 911 730 980 δύναιτο
759 917 945 999 βοηθῆσαι,
975 914 1035 979 διὰ
1058 914 1156 978 τοῦτο
1184 907 1294 996 ὥςπερ

150 1012 481 1098 ὑποβολιμαίους
502 1024 598 1078 ποιεί
611 1013 688 1089 τούς
709 1012 827 1078 ἑαυτοῦ
841 1015 991 1091 νεοττοὺς
1013 1020 1079 1079 ίνα
1093 1011 1292 1076 σωθῶσιν.

149 1109 217 1197 τήν
244 1111 308 1197 γὰρ
337 1112 494 1177 δειλίαν
522 1109 725 1196 desepelire»
753 1115 849 1177 τοῦτο
875 1113 912 1177 τὸ
938 1112 1063 1197 ὄρνεον·
1102 1109 1293 1175 τίλλεται

149 1212 220 1293 γὰρ
246 1205 323 1276 ὑπὸ
348 1212 423 1276 τῶν
447 1213 595 1294 μικρῶν
621 1210 767 1297 ὄρνειον
792 1212 848 1276 καὶ
871 1211 986 1296 φεύγει
1013 1207 1104 1276 adad
1136 1212 1214 1274 Etr.
1233 1208 1292 1272 12:

150 1303 236 1373 ἀλλ’
263 1309 306 1374 ἕν
334 1305 378 1374 οὗ
402 1309 448 1374 ἂν
473 1307 561 1395 τέκῃ
588 1311 747 1391 νεοττιᾷ
771 1306 888 1386 οὗτος
913 1310 1022 1394 ὄρνις
1048 1305 1293 1374 ἕκκολοὶπτει

150 1407 223 1471 καί
250 1412 396 1493 τρέφει.
431 1410 516 1490 Apud
531 1410 659 1472 Plinium
682 1412 753 1492 quia
772 1412 887 1474 etiamsi
914 1423 942 1473 et
961 1412 1071 1493 alioqui
1090 1409 1199 1472 inieras
1221 1424 1292 1469 sen-

149 1529 200 1570 sus
216 1527 320 1590 parum
335 1511 460 1582 iuvatur,
478 1529 639 1589 sequamur
649 1511 835 1572 Aristotelem
850 1511 913 1572 lere
926 1509 967 1571 ita
978 1509 1080 1572 velim:
1096 1508 1172 1570 Adeo
1187 1511 1290 1588 quippe

149 1609 290 1688 trepidum
322 1609 439 1669 σοιἰιιοί.
484 1608 577 1669 Perre
610 1609 647 1670 iis
681 1628 757 1688 qnae
791 1617 951 1689 supersunt
983 1608 1080 1671 fabula
1101 1607 1136 1667 lit
1157 1605 1293 1668 doctrina

150 1707 331 1768 Aristotelis:

250 1819 301 1880 llle
321 1819 425 1881 avidus
447 1838 483 1881 en
504 1827 609 1882 natura
643 1819 823 1901 praeripit
848 1821 949 1882 cibes
980 1819 1101 1899 reliquis
1123 1816 1212 1897 pullis
1236 1816 1292 1879 ita-

249 1937 308 1997 que
329 1919 496 1999 pinguescit
518 1927 548 1980 et
570 1918 714 1980 nitidus
735 1917 775 1981 in
808 1938 845 1981 se
878 1918 1066 1981 nutricem
1089 1916 1290 1992 convertit3

249 2017 314 2078 illa
346 2018 483 2097 gaudet
515 2019 594 2080 eius
627 2018 748 2097 specie
782 2018 965 2098 miraturque
996 2037 1062 2079 sese
1095 2016 1188 2096 ipsam
1211 2014 1291 2095 qued

249 2117 336 2178 talem
351 2118 508 2197 pepererit.
546 2103 645 2180 Sues
661 2119 882 2198 comparatione
904 2117 966 2179 eins
983 2117 1103 2179 damnat
1124 2123 1158 2177 ut
1180 2113 1292 2176 alienes

249 2213 453 2296 absumique
475 2217 565 2278 etiam
587 2236 619 2278 se
640 2216 828 2296 inspectante
850 2216 994 2296 patitur
1024 2215 1142 2276 denec
1171 2212 1291 2275 enrri-

248 2312 326 2391 piat
348 2313 465 2393 ipsam
487 2333 607 2395 queque
628 2314 685 2375 iam
710 2315 824 2377 volandi
846 2323 962 2395 potens.

149 2435 320 2498 Aristoteles
343 2438 423 2500 enim
445 2439 538 2500 varias
561 2457 739 2521 componere
760 2440 924 2502 sententias
946 2438 1017 2502 satis
1038 2437 1127 2500 babet
1148 2456 1178 2517 p.
1195 2385 1290 2500 6b8b

152 2535 276 2615 13sqq.:
299 2545 349 2598 eut
363 2538 399 2599 ab
414 2555 467 2598 ave
480 2537 539 2599 leta
553 2538 648 2619 pullos
663 2558 734 2600 sues
749 2538 804 2601 eici
818 2541 862 2601 vel
877 2539 1004 2602 interfici
1020 2538 1129 2619 quippe
1145 2535 1240 2618 magis
1256 2555 1290 2599 ea

149 2635 295 2715 gaudente
328 2637 424 2700 cuculi
456 2638 568 2717 speeie,
602 2648 652 2700 aut
673 2658 690 2700 a
711 2640 831 2720 parvulo
855 2640 959 2702 cuculo
993 2639 1122 2700 aviculae
1154 2637 1292 2700 devorari

149 2735 258 2816 pullos,
274 2745 326 2798 aut
339 2737 440 2817 petius
455 2737 554 2800 eibum
570 2738 697 2820 praeripi
716 2739 753 2801 ab
767 2759 802 2802 ee
816 2740 855 2801 ila
872 2748 905 2802 ut
919 2744 997 2802 lame
1012 2737 1117 2819 reliqui
1131 2737 1291 2800 intereant.

149 2835 185 2896 lit
208 2855 279 2898 vere
297 2855 368 2898 voce
389 2840 544 2917 piequeecit
558 2837 686 2918 scriptur
706 2839 815 2900 latinus
830 2839 867 2900 ad
883 2836 1048 2901 Aristotelis
1069 2836 1169 2925 lecum
1190 2854 1292 2897 rever-

150 2933 223 2996 titur
232 2928 378 3015 priorem,
393 2934 444 2997 ubi
458 2944 503 2997 est
514 2956 543 3016 p.
556 2936 649 2998 eden
663 2936 696 2999 3:
711 2939 835 3018 γίνεται
851 2935 889 3000 δὲ
904 2938 1003 3008 πίων,
1018 2937 1149 3017 itemque
1166 2954 1201 2996 ea
1213 2933 1291 2996 Plini

149 3034 295 3095 sententia
328 3053 386 3114 qua
410 3035 447 3096 de
469 3035 573 3097 cuculo
597 3036 756 3116 disputatio
783 3036 947 3098 clauditur:
982 3033 1065 3096 ιιιιίλα
1094 3044 1161 3094 tunc
1191 3036 1290 3094 cetum

148 3136 288 3196 meditate
310 3135 406 3194 cernis
425 3134 678 3213 comparamini,
700 3135 779 3195 idem
802 3134 859 3196 iste
882 3134 963 3196 loeus
985 3131 1130 3218 repetitur
1152 3130 1204 3211 qui
1227 3137 1289 3191 est:

147 3231 273 3307 γίνεται
298 3229 335 3293 dd
361 3231 521 3294 πίωνκαὶ
547 3222 751 3315 ἧδύκρεως
773 3229 875 3295 κατὰ
895 3232 1034 3294 τοῦτον
1054 3229 1119 3292 τὸν
1145 3226 1291 3311 καιρὸν

148 3324 336 3411 μάλιστα.
373 3328 428 3392 Ars
444 3337 553 3409 aperta,
575 3339 711 3410 apertum
733 3332 863 3394 studium
886 3330 1046 3412 elegantiae
1068 3348 1127 3410 quo
1142 3328 1175 3390 in
1190 3335 1288 3391 artum

149 3429 268 3490 collecta
290 3428 455 3491 Aristotebs
478 3429 626 3492 volumina
647 3430 717 3492 sint.

233 3527 425 3589 Examinetnr
458 3527 590 3590 eiusdem
613 3528 690 3590 Plini
723 3528 790 3591 libri
813 3529 902 3591 etiam
926 3526 1017 3603 §322
1054 3526 1142 3589 Cerci
1166 3531 1289 3607 perium

149 3646 213 3689 eum
240 3626 398 3707 plurimum
423 3631 537 3708 quitum
570 3628 741 3691 Aristoteles
763 3647 791 3708 p.
807 3627 907 3690 618ss
926 3625 964 3689 13
986 3627 1040 3689 ita:
1074 3627 1176 3688 τίκτει
1206 3620 1240 3688 d’
1269 3619 1289 3688 e‘

148 3723 250 3810 κόραξ
274 3721 330 3786 καὶ
355 3725 494 3809 τέτταρα
519 3725 575 3787 καὶ
602 3728 710 3789 πέντε.
754 3727 865 3789 Deinde
887 3743 987 3788 verm·

248 3869 311 3913 ore
334 3868 406 3912 ees
428 3869 586 3932 parere
608 3861 679 3915 aut
707 3853 828 3914 coire
852 3853 1008 3930 vulgus
1031 3849 1288 3916 arbitratur

247 3949 439 4028 ideoque
490 3950 696 4031 gravidas
750 3953 786 4014 si
837 3951 1016 4015 ederint
1059 3953 1287 4016 cervinum

249 4065 368 4111 ovum
404 4065 479 4129 per
516 4069 559 4111 os
595 4059 766 4130 partum
798 4051 985 4114 reddere
1017 4058 1105 4131 atque
1131 4052 1162 4113 in
1189 4058 1286 4116 tetum

249 4147 407 4210 difficulter
429 4167 531 4230 parere
553 4148 577 4210 si
599 4159 677 4213 tecte
700 4151 880 4226 inferantur3
913 4150 1191 4214 Aristoteles
1214 4169 1287 4215 ne·

248 4258 337 4329 gat:
372 4267 455 4312 non
488 4251 669 4314 hercule
697 4252 832 4332 magis
865 4270 982 4332 quam
1017 4250 1058 4311 in
1091 4251 1286 4334 Aegypto

246 4349 463 4426 ibim3sed
487 4350 1285 4434 illamerosculatienemquaesaepe

248 4449 455 4513 cernitur
486 4451 655 4533 qualem
687 4452 719 4512 in
752 4448 968 4514 columbis
1001 4466 1113 4522 esse,
