2902 5040
619 303 842 367 „21-

156 481 279 542 modurn
303 480 490 543 adstructum
512 480 710 543 accusativum
727 481 910 553 ostenderit;
934 479 1033 542 rideas
1054 480 1128 543 deu.
1143 480 1217 554 vsu,
1230 483 1301 556 454,

155 579 263 657 Georg.
281 579 332 650 iv,
356 579 436 654 1713
457 586 546 660 atque
571 597 641 641 casu
657 585 795 658 pergrato
818 579 928 640 iactum
952 584 997 639 est
1019 587 1053 640 ut
1074 580 1152 659 apud
1174 582 1301 643 eundem

154 678 188 739 in
208 678 285 740 baec
305 676 508 740 incideremus
531 683 699 757 quaesunt
722 677 795 737 den.
818 676 868 750 ΙΙΙ,
890 695 917 736 r.
941 673 1018 737 399:

189 896 245 921 W,
285 906 289 915 ,
322 902 326 909 ,
557 846 596 891 an
619 847 682 891 sese
705 828 820 890 medios
843 829 1005 891 moriturus
1027 828 1059 890 in
1081 847 1166 891 enses

164 974 219 1011 „5
254 925 370 1013 inierat
392 927 599 1011 ‹et-pulchram
621 935 795 1009 properet
816 946 870 1008 per
893 927 1012 989 vulnera
1036 934 1199 990 mortem.

154 1079 225 1140 inde
244 1078 497 1159 properaremus
516 1078 594 1157 apud
609 1077 849 1140 Ovidiumrrise
864 1078 912 1150 ΙΙΙ,
930 1078 958 1148 3,
975 1077 1024 1139 34.
1059 1078 1192 1140 lndidem
1215 1078 1303 1141 ovidi

156 1168 346 1238 sumturum·
362 1177 474 1238 iterum
496 1175 527 1237 ni
549 1174 634 1238 iallor
654 1175 807 1256 intelleges
830 1192 892 1237 non
915 1177 1079 1255 neglexisse
1100 1174 1274 1257 Vergiliana.

238 1317 283 1379 De
305 1334 378 1396 apro
402 1314 541 1378 scribitur
564 1335 589 1377 s.
613 1317 654 1378 60
669 1335 732 1396 sq.:

255 1428 347 1491 dctus
369 1447 441 1509 aper
463 1426 550 1489 saetis
572 1426 645 1488 iram
669 1428 827 1490 denuntiat
848 1428 935 1491 hirtis

255 1528 293 1589 Et
314 1526 376 1587 ruit
397 1525 527 1607 oppositi
550 1525 648 1589 nitens
670 1525 701 1588 in
726 1527 846 1590 vulnera
869 1526 942 1590 ferri
1014 1616 1017 1621 4

254 1626 380 1719 Pressas
403 1633 433 1699 et
455 1625 563 1687 emisso
588 1624 715 1686 moritur
736 1643 790 1706 per
811 1625 921 1688 viscera
943 1626 1012 1688 telo.

153 1755 347 1837 Participium
370 1759 463 1817 uitem
483 1763 530 1817 ter
552 1754 630 1835 apud
645 1755 792 1816 Nasonem
814 1755 913 1817 inveni
928 1755 996 1816 Met.
1019 1754 1067 1828 lV,
1083 1754 1163 1832 361;
1184 1755 1233 1829 ΙΧ,
1246 1757 1300 1833 5ος

152 1855 276 1941 X4085
299 1854 408 1935 quibus
422 1853 495 1915 locis
518 1853 694 1934 comparatis
716 1860 820 1914 nostro
842 1853 907 1915 loco
931 1853 1042 1917 senties
1064 1854 1189 1916 fortasse
1216 1856 1301 1935 quasi

88 1960 90 1964 ’
151 1954 232 2039 iners
263 1951 342 2029 illud
379 1950 437 2030 legi
474 1957 504 2012 et
540 1952 602 2013 iere
635 1949 802 2026 abundare;
835 1951 971 2013 similiter
993 1952 1175 2031 Vergilianus
1202 1954 1301 2034 potius

150 2048 234 2115 locus
266 2049 469 2115 conformatus
502 2049 551 2111 bic
584 2057 643 2110 est:
675 2053 780 2131 pressit
807 2050 891 2112 dumi
920 2053 1013 2112 uitem
1051 2052 1124 2112 den.
1157 2052 1198 2130 ΙΙ,
1229 2050 1301 2112 380.

151 2150 246 2210 Porro
276 2134 332 2210 vox
355 2165 473 2228 pressus
500 2148 757 2227 haerereanceps
784 2147 880 2226 possis
908 2148 979 2227 quid
1007 2148 1063 2211 sibi
1093 2149 1176 2225 velit3
1204 2158 1303 2229 potest

150 2246 232 2308 idem
255 2245 459 2325 viderintque
482 2261 632 2325 oppressus
655 2244 699 2305 vel
724 2244 916 2325 profligatus,
947 2246 1025 2325 quod
1056 2265 1090 2307 ex
1117 2247 1222 2309 Ouidio
1250 2249 1302 2309 fir-

151 2363 235 2407 nrare
263 2361 382 2424 nequeo
405 2342 456 2403 sed
480 2342 518 2403 ci.
541 2341 647 2420 Vergili
675 2341 746 2403 ben.
772 2341 820 2412 IX,
845 2339 926 2411 32&
939 2376 982 2387 —
1008 2351 1108 2425 potest
1136 2345 1302 2424 significare

152 2440 325 2505 lacessitum
347 2459 365 2502 a
388 2437 643 2521 persecutoribus3
665 2440 717 2501 sed
739 2447 799 2501 tam
823 2441 938 2502 nudum
960 2441 1090 2520 positum
1113 2443 1299 2525 participium

152 2561 167 2603 a
189 2539 290 2626 debita
314 2537 454 2600 abhorret
476 2536 635 2615 elegantia3
656 2537 741 2598 aliter
763 2537 872 2599 babere
888 2536 1050 2600 Heroidum
1066 2540 1162 2600 locum
1178 2541 1226 2615 IV,
1242 2540 1300 2603 tt:

149 2640 311 2721 pressisque
332 2641 364 2700 in
384 2641 459 2700 relic
487 2640 576 2699 cereis
596 2636 680 2698 facile
708 2635 868 2717 perspiciet
898 2637 950 2717 qui
976 2637 1065 2698 modo
1092 2638 1200 2717 Vergili
1229 2658 1303 2702 con·

151 2724 256 2821 inierit
281 2736 388 2817 deorg.
408 2735 458 2808 ΙΠ,
483 2734 559 2796 413:
586 2752 698 2816 premes
728 2735 765 2796 od
789 2739 863 2798 retia
887 2753 1013 2808 ceruum.
1057 2734 1103 2796 Me
1132 2736 1207 2799 duce
1229 2755 1301 2800 con-

151 2836 261 2915 iunges
295 2853 364 2897 cuns
396 2833 551 2915 participio
584 2833 741 2896 ablativum
769 2832 823 2895 telo
851 2837 967 2908 emmo,
996 2833 1190 2914 explicatione
1218 2844 1303 2916 post-

151 2933 253 2996 habita
284 2932 384 3015 altera.
438 2931 495 2994 Sed
530 2932 568 2993 ita
603 2930 752 3009 ambigere
786 2931 815 2992 in
849 2931 953 2993 Ouidio
987 2949 1049 2992 non
1082 2933 1301 2997 consuevimus.
1354 2959 1359 2970 ·

152 3030 243 3115 bingis
271 3051 342 3094 vcro
372 3040 404 3094 et
430 3028 466 3092 ab
499 3030 548 3092 illo
579 3040 609 3093 et
636 3049 652 3093 a
681 3030 760 3092 bono
789 3049 880 3092 sensu
907 3029 1030 3092 alienam
1060 3051 1127 3093 esse
1154 3032 1301 3094 existumo

152 3130 352 3215 locutionem:
386 3129 473 3193 telum
505 3132 632 3192 emittere
655 3149 710 3212 per
738 3133 855 3192 viscere.
905 3128 1102 3190 Scribendum
1131 3130 1223 3192 satius
1252 3131 1301 3192 dc-

152 3219 264 3311 mittere
289 3220 356 3309 fuit„
402 3227 501 3290 Semel
521 3246 593 3289 sane
614 3229 647 3289 in
669 3227 991 3289 Transiormationibus
1022 3234 1067 3288 est
1089 3228 1150 3298 ΙΙΙΙ,
1170 3227 1225 3290 84:
1253 3229 1303 3292 Nil

152 3326 252 3391 tomen
282 3324 377 3389 moissi
389 3325 525 3409 ,profecit
555 3331 685 3389 acumine
715 3328 808 3405 ferri,
836 3326 888 3386 sed
916 3342 977 3386 non
1004 3325 1117 3388 eddidit
1142 3326 1183 3387 ibi
1214 3334 1302 3406 poeta

154 3430 223 3507 quo
255 3418 411 3509 emittatur
438 3427 562 3487 ierrum.
607 3425 670 3487 Hoc
697 3424 777 3485 enim
806 3422 836 3484 in
866 3431 970 3485 natura
992 3422 1119 3485 istorum
1143 3424 1302 3487 verborum

152 3523 287 3604 positum
315 3523 445 3598 videtur,
474 3530 507 3584 ut
535 3523 572 3584 ad
599 3522 811 3586 demissum
837 3520 930 3583 telum
957 3520 1069 3582 mentio
1095 3520 1152 3582 loci
1185 3522 1303 3584 accedet

154 3641 213 3703 quo
239 3622 313 3686 illud
342 3621 556 3708 penetraverit,
586 3623 621 3682 ad
649 3621 826 3682 emissum
853 3620 944 3682 telum
976 3628 1027 3681 aut
1048 3618 1123 3694 nibil
1145 3626 1197 3681 aut
1219 3620 1302 3682 locus

153 3720 253 3802 potius
276 3719 357 3782 unde
384 3719 512 3795 venerim
540 3719 581 3781 ita
602 3718 710 3799 spiculo
735 3720 837 3780 emisso
862 3735 951 3779 mauu
974 3717 1051 3795 apud
1074 3717 1234 3797 Vergilium
1257 3726 1303 3779 est

154 3802 232 3881 deni
259 3814 315 3889 xi,
344 3816 418 3890 676,
455 3821 558 3880 emisso
589 3816 671 3878 busto
710 3815 817 3877 ibidem
847 3813 888 3888 X,
922 3812 1000 3889 4743
1036 3814 1173 3876 similiter
1210 3819 1306 3878 emissi

155 3919 263 3999 lopuess
293 3917 412 3978 semidei
438 3917 515 3996 apud
545 3915 679 3977 Ovidium
707 3914 776 3975 Vast
804 3912 858 3986 ΙΙΙ,
883 3909 961 3985 323;
995 3911 1033 3972 cl.
1063 3912 1132 3973 Met.
1161 3912 1199 3987 V,
1230 3911 1301 3975 321.

154 4015 269 4078 Tamen
292 4015 383 4076 etiam
403 4014 472 4075 talia
493 4015 636 4076 nimirum
658 4012 755 4073 dicere
774 4010 894 4072 licebat:
918 4013 1042 4072 emittere
1060 4012 1195 4089 infame
1222 4012 1302 4072 domo

154 4117 184 4175 m
216 4131 310 4174 ouras
347 4112 415 4174 liet
450 4111 512 4186 XV,
542 4111 604 4172 220
638 4118 669 4171 et
700 4108 864 4189 simplicius
896 4127 1000 4190 aquom
1025 4127 1132 4170 uacuos
1158 4111 1247 4170 emisit
1271 4113 1303 4171 im

157 4228 243 4274 curos
268 4208 338 4271 blet.
367 4209 411 4270 Vl.
435 4208 497 4272 398
527 4216 616 4289 atque
644 4209 732 4270 etiam
760 4211 883 4269 emittere
909 4206 1021 4268 bustam
1048 4211 1079 4268 iss
1103 4224 1194 4268 curos
1221 4209 1302 4288 quod

157 4309 261 4388 Vergili
285 4317 332 4370 est
352 4307 428 4370 den.
443 4309 491 4381 ΙΙΙ,
516 4308 573 4384 52;
596 4327 694 4388 neque
718 4307 797 4369 enim
821 4306 940 4367 inistis
969 4307 1050 4368 locus
1073 4305 1218 4384 cogitatur
1242 4310 1304 4386 qud

157 4424 201 4469 res
232 4407 386 4480 mittatur,
416 4408 468 4468 sed
490 4407 571 4486 regio
600 4406 807 4467 tantummodo
835 4411 865 4465 et
894 4404 937 4465 via
964 4423 1020 4484 qua
1049 4402 1196 4476 mittatum
1215 4406 1304 4470 sicuti
