2902 5040
618 279 861 343 -181-

165 459 228 519 lam
244 475 312 517 vero
327 455 453 517 difficilia
470 463 645 535 supers⁴unt3
668 475 731 517 uva
748 455 867 536 quidem
881 453 1013 516 adfertur
1028 453 1156 533 aquatile
1174 455 1222 528 (ci.
1234 453 1310 515 Plini

164 556 246 628 1x3;
261 552 482 634 Vegetil20‚2·‚
497 554 589 628 Vl12,
598 553 640 631 3),
658 554 785 634 aquatile
797 553 868 616 item
886 552 1057 614 cucumis
1068 552 1118 631 (cl.
1134 551 1207 613 Plini
1217 552 1256 613 lX
1266 551 1308 631 3),

164 655 256 717 nihilo
272 653 371 715 miuus
387 670 441 732 pro
453 669 573 732 cynopos
588 653 745 732 legendum
759 672 825 716 esse
841 649 958 734 κύνωψ
974 650 1052 732 quod
1065 650 1181 730 plantae
1196 668 1309 712 nomen

163 761 283 815 estnon
301 750 436 832 aquatilis
452 769 514 811 non
530 751 690 814 admodum
706 752 779 813 certi
800 751 899 815 simile
920 749 994 822 dico,
1018 767 1116 829 neque
1135 749 1225 811 nimis
1241 757 1309 828 apte

164 854 207 913 rel
230 846 415 929 ὀνόπορδον
427 848 487 910 sive
499 849 605 911 similia
622 850 727 912 habeas
743 849 937 930 comparabis⁸
964 848 1037 910 Nori
1058 848 1165 928 aliquid
1184 849 1307 910 odoror:

163 960 312 1031 cynomya,
334 948 415 1010 velut
429 967 597 1028 cynoseuna
611 947 701 1027 piscis
717 948 824 1009 dicitur
835 948 871 1010 ab
883 947 1033 1027 Epaeneto
1049 946 1127 1026 (dih.
1143 965 1172 1026 p.
1188 945 1249 1007 313
1262 946 1307 1027 Β),

162 1050 351 1130 cynoglossos
379 1046 484 1108 Athen.
506 1065 533 1126 p.
556 1045 618 1107 288
636 1046 668 1106 B.
717 1045 830 1108 Polemi
863 1045 934 1106 Silvi
960 1046 1118 1107 laterculus
1147 1045 1225 1106 inter
1253 1064 1308 1107 na·-

161 1147 287 1208 tantium
303 1146 425 1209 nomina
442 1144 559 1206 exhibet
572 1147 727 1224 merdepa,
745 1145 823 1224 quod
840 1152 874 1207 ut
889 1144 1107 1208 dissolvendum
1124 1143 1240 1207 ridetur
1254 1163 1307 1225 per

161 1247 265 1307 enoris
288 1253 317 1306 et
339 1261 409 1324 opu,
442 1244 482 1304 ita
503 1250 604 1305 tamen
633 1260 695 1304 non
719 1242 907 1305 mediocriter
928 1243 1113 1305 coniecturae
1135 1261 1218 1305 meae
1240 1244 1304 1324 opi-

162 1345 282 1406 tulatur.
321 1343 399 1416 Quid
422 1361 491 1404 vero
514 1342 550 1403 de
574 1342 622 1403 illo
646 1343 819 1421 cynosdcuio
833 1341 956 1405 nomine
972 1342 1050 1422 quod
1072 1342 1180 1422 legitur
1196 1339 1305 1422 volgo?

161 1442 206 1502 Nil
221 1459 270 1502 me
286 1441 404 1504 hercule
425 1440 454 1502 id
470 1459 540 1520 prae
556 1459 586 1501 se
602 1441 659 1503 fert
675 1459 734 1522 quo
757 1441 897 1503 defendat
917 1441 1127 1522 suspicionem.
1163 1440 1306 1503 Bamher-

159 1541 257 1620 gensis
279 1541 443 1620 cynosdeuti
461 1538 558 1612 habet,
587 1539 692 1618 reliqui
714 1539 779 1602 libri
802 1541 1018 1619 cynosdeortriu3
1049 1539 1103 1602 tibi
1126 1558 1195 1600 rero
1218 1557 1305 1602 aures

159 1639 183 1701 si
206 1639 309 1718 arrigis
331 1638 443 1699 ultimis
459 1637 578 1720 quidem
602 1637 720 1718 syllabis
743 1639 881 1701 dentcx
902 1639 961 1718 (vel
976 1638 1106 1713 dentrix)
1122 1636 1211 1718 piscis
1227 1638 1304 1700 clare

160 1738 255 1800 vocari
269 1736 430 1810 videbitur3
453 1737 580 1799 variatur
595 1746 693 1800 autem
710 1756 771 1801 non
786 1737 969 1799 dissimiliter
982 1736 1126 1816 scriptura
1142 1735 1189 1796 illa
1202 1735 1305 1816 clupeo

159 1837 205 1897 vel
217 1836 315 1916 olopio
326 1855 401 1916 quae
417 1835 573 1897 antecedit.
597 1835 640 1896 Ex
655 1855 740 1915 cynos
755 1843 854 1898 autem
871 1836 941 1916 quid
959 1831 1191 1897 extricabimus?
1206 1835 1302 1914 possis

159 1935 280 2014 quidem
296 1938 443 2013 cyprinum
467 1953 537 1995 nam
554 1934 633 2014 quod
650 1934 738 1995 huius
753 1934 876 2014 catalogi
892 1935 987 2015 pisces
1006 1931 1213 2014 peculiares
1236 1940 1303 1995 tan·

158 2042 222 2094 tum
240 2051 268 2093 m
278 2032 355 2094 aris
371 2052 386 2092 a
400 2032 496 2093 Plinio
509 2033 646 2093 dicuntur
657 2032 844 2112 refragantur
859 2040 956 2095 ostrea
971 2031 1054 2112 lepus
1067 2031 1153 2093 cohio
1165 2032 1301 2112 anguilla.

158 2130 351 2210 hcquiescere
385 2138 485 2191 tamen
520 2131 656 2210 praefero
690 2130 721 2190 in
750 2131 871 2193 nomine
902 2139 1006 2210 graeco
1034 2149 1117 2209 eques
1138 2130 1190 2211 qui
1213 2149 1301 2193 cenes

157 2229 297 2290 dicuntur
318 2228 394 2289 Plin.
409 2227 449 2288 IX
469 2228 525 2288 110
555 2228 695 2308 quodque
717 2247 828 2291 nomen
844 2229 1005 2309 Hesychius
1027 2247 1147 2310 quoque
1167 2229 1301 2291 exhibet:

157 2322 304 2389 κύων...
327 2324 386 2387 καὶ
415 2323 452 2387 cd
481 2322 674 2388 θαλάσσιον
703 2323 800 2403 {aiom
834 2347 932 2408 neque
962 2327 1042 2389 enim
1066 2328 1214 2390 caniculas
1242 2327 1300 2408 ipsi

157 2425 287 2504 catalogo
320 2445 336 2486 a
368 2423 465 2487 Plinio
498 2424 674 2504 praemissos
707 2425 779 2502 in§
805 2427 864 2488 145
899 2435 1000 2488 contra
1022 2425 1136 2488 adferet
1169 2425 1225 2488 nisi
1254 2427 1302 2488 cui

156 2525 305 2604 incognita
334 2522 410 2585 Plini
443 2523 488 2584 his
522 2523 554 2584 in
580 2523 671 2585 rebus
701 2523 813 2586 incuria
842 2534 872 2586 et
900 2525 1048 2604 ignoratio
1075 2523 1124 2586 sit.
1168 2523 1301 2605 lienique

154 2623 307 2686 addendus
330 2631 377 2683 est
390 2621 563 2683 nominihus
579 2622 653 2682 raris
675 2623 764 2683 etiam
786 2623 1041 2703 halipleumon
1064 2623 1188 2700 catalogi
1212 2643 1301 2704 quem
1419 2616 1421 2621 ’

155 2739 215 2783 non
249 2721 308 2782 vidi
341 2721 399 2781 nisi
430 2719 505 2800 apud
540 2721 711 2782 Marcellum
745 2721 891 2795 Sidetam3
929 2722 1101 2784 Aristoteles
1135 2718 1300 2802 πνεύμων.

154 2823 249 2901 Atque
277 2819 579 2897 orthagoriscum
609 2837 733 2898 porcum
756 2819 875 2899 quidem
899 2840 963 2882 esse
986 2820 1056 2882 dicit
1078 2820 1240 2899 Hesychius
1263 2840 1300 2881 cx

157 2921 315 2982 Polemone
346 2919 396 2994 (ci.
422 2916 708 2996 stheneleus),
736 2918 847 2998 piscem
882 2937 947 2980 esse
981 2919 1032 2999 qui
1064 2918 1171 2979 dixerit
1199 2919 1300 2981 nescio

153 3027 271 3098 praeter
293 3018 436 3097 hpionem
459 3016 535 3095 apud
560 3015 690 3077 Plinium
705 3015 812 3077 XXXII
829 3016 881 3077 19.

237 3117 342 3197 ltaque
367 3114 595 3177 vidimus'Plini
617 3114 849 3195 Diogenianique
875 3110 907 3177 ih
933 3114 1024 3177 rebus
1046 3116 1175 3195 perraris
1202 3115 1298 3199 iisque

152 3215 222 3276 satis
256 3213 369 3275 crebris
403 3229 583 3275 consensum
618 3212 823 3275 deficientibus
857 3214 905 3277 hie
937 3214 995 3275 illic
1028 3213 1116 3275 etiam
1151 3213 1298 3296 Pamphili

152 3313 244 3394 copiis
268 3313 477 3392 Athenaeique.
521 3310 716 3373 Rarissimum
738 3329 848 3374 nomen
872 3313 1041 3395 κέρκουροι
1065 3332 1130 3376 esse
1152 3312 1297 3379 diximum

152 3421 252 3472 tamen
289 3411 346 3473 hoc
383 3418 415 3472 ut
452 3409 529 3490 apud
564 3409 704 3472 Ovidium
741 3410 848 3473 falsum
883 3410 1111 3492 Oppianumque
1144 3413 1184 3475 ita
1218 3414 1295 3494 apud

150 3510 363 3590 Diogenianum
393 3527 511 3590 quoque
539 3516 699 3588 comparet.
744 3509 788 3572 lta
816 3510 904 3572 etiam
932 3511 1043 3573 larinus
1072 3511 1239 3574 communis
1262 3521 1296 3574 ut

152 3609 278 3671 diximus
303 3609 438 3689 Oppiano
460 3616 490 3669 et
513 3607 693 3688 [diogeniano
721 3615 767 3670 est
796 3609 847 3690 qui
877 3610 998 3672 lamirus
1027 3610 1136 3673 dicitur
1157 3611 1187 3672 in
1209 3609 1296 3672 Ovidi

151 3707 287 3788 Pliuique
315 3707 462 3786 catalogis.
506 3707 603 3788 Atque
630 3706 772 3770 cinaedus
794 3701 944 3770 ¹rarusel
966 3708 1030 3790 ipse
1052 3708 1188 3791 Oppiano
1204 3710 1217 3770 l
1235 3708 1294 3769 127

151 3815 180 3868 et
202 3806 277 3868 Plini
308 3805 438 3884 catalogo
466 3805 634 3867 communis
662 3815 725 3884 est;
757 3807 798 3868 ita
823 3807 924 3870 nescio
951 3827 1023 3870 num
1050 3802 1293 3871 coniunctionem

149 3905 276 3985 aliquam
314 3903 466 3984 copiarum
500 3903 611 3966 sentire
644 3904 769 3968 ridearis
802 3905 973 3986 Diogeniani
1005 3907 1132 3968 Pliniani
1169 3906 1294 3990 catalogi

149 4002 274 4085 Oppiani
296 4002 388 4063 Ovidi.

233 4102 330 4181 Atque
353 4101 390 4162 de
405 4099 549 4181 llesychio
572 4109 605 4162 ut
627 4120 714 4181 quam
732 4101 904 4166 brevissime
926 4103 1020 4165 dicam
1045 4103 1122 4183 quod
1138 4106 1235 4166 sentio
1251 4142 1292 4152 -

148 4218 245 4280 neque
266 4200 346 4261 enim
369 4200 443 4261 hanc
464 4217 557 4260 meam
573 4201 728 4262 materiem
744 4221 808 4263 esse
823 4201 907 4265 rideo
924 4201 1125 4283 -Pamphili
1141 4203 1291 4284 epitomen
1361 4205 1369 4218 '

148 4299 191 4358 vel
201 4297 314 4359 Vestini
322 4298 549 4377 Diogenianeam
560 4305 589 4360 et
602 4300 900 4384 περιεργοπένητας
912 4300 1123 4381 Diogenianeos
1135 4318 1198 4364 non
1210 4303 1289 4367 idem

148 4402 178 4456 et
201 4415 294 4458 unum
318 4414 392 4476 opus
415 4396 507 4458 luisse
529 4396 579 4458 sed
604 4397 662 4458 duo
687 4398 809 4460 tirmiter
830 4400 902 4461 mihi
924 4418 1099 4482 persuasum
1123 4408 1168 4465 est
1192 4422 1290 4492 neque
