2902 5040
704 265 921 331 ..74-

240 443 367 522 spiceret
393 441 491 522 mugil,
518 459 698 520 causamque
721 442 895 522 excogitavit
916 461 1033 516 novam,
1060 462 1202 523 quarem
1226 443 1386 522 explicaret

240 552 270 603 et
291 561 345 602 suo
366 540 488 602 consilio
504 540 612 602 caudae
627 539 748 604 verbera
764 542 976 604 accomodaret.
1020 542 1105 614 Quod
1125 543 1308 623 praeclarum
1324 560 1386 622 quo

239 640 404 702 illustretur
439 639 564 702 istorum
600 639 779 718 scriptorum
818 640 983 720 compilatio
1010 642 1181 721 exemplum,
1204 648 1259 708 est.
1303 640 1387 703 Duae

240 738 277 800 de
299 737 455 799 calliditate
477 737 619 814 mugilum
642 737 765 800 fabellae
789 738 923 800 fuerant:
950 740 1039 801 altera
1062 739 1098 800 de
1121 739 1256 801 evitando
1277 739 1386 801 hamo

240 858 328 919 quam
345 847 376 902 ct
390 837 563 902 Plutarchus
584 844 613 896 et
629 835 750 898 Ovidius
770 837 953 910 memoravit,
977 838 1067 901 altera
1088 840 1124 899 de
1146 838 1284 901 evitando
1305 845 1386 900 rete

240 958 328 1018 quam
351 955 440 1000 unam
460 936 611 1018 Oppianus
638 952 752 1015 ponere
777 937 857 998 inter
882 936 1008 1015 piscium
1034 936 1207 999 calliditates
1233 939 1304 1000 satis
1331 942 1385 998 ha-

240 1038 303 1100 buit
318 1037 356 1098 lll
373 1036 412 1098 98
425 1055 501 1115 sqq„
532 1054 600 1096 cum
629 1034 806 1114 praeteriret
834 1035 911 1096 hanc
939 1035 1049 1097 latinus
1078 1043 1180 1115 poeta,
1209 1038 1394 1116 praeteriret.

240 1136 328 1196 etiam
344 1134 527 1217 Plutarchus,
551 1133 600 1212 qui
622 1133 682 1194 duo
703 1139 821 1195 tantum
841 1133 913 1195 retis
936 1134 1045 1196 vitandi
1067 1135 1200 1215 exempla
1214 1136 1386 1215 prolaturus

241 1233 366 1312 mugiles
391 1249 452 1294 non
478 1230 643 1311 praemittit
667 1230 725 1292 nisi
752 1231 816 1311 capi
841 1239 903 1292 rete
928 1251 958 1311 p.
975 1232 1075 1294 ortu.

324 1331 366 1392 De
391 1331 461 1410 lupo
488 1348 605 1409 quoque
632 1328 746 1390 fabulae
772 1337 907 1410 acceptae
932 1331 1006 1393 duae
1031 1332 1125 1393 luere.
1169 1333 1279 1395 lterum
1303 1334 1386 1396 enim

240 1430 276 1490 de
291 1448 325 1489 eo
342 1429 517 1491 Plutarchus
533 1426 625 1488 977F
645 1428 726 1489 bunc
744 1429 777 1490 in
800 1430 936 1491 modum:
959 1423 1059 1492 Ἀλλδ
1088 1426 1144 1490 καὶ
1170 1428 1255 1512 πρὸς
1280 1431 1385 1493 ταύτα

239 1526 294 1605 (sc.
323 1525 363 1588 τὰ
393 1525 521 1604 δίκτυα)
551 1523 697 1607 μηχαναὶ
726 1534 800 1599 ταῖς
828 1525 947 1605 γαλαῖς
978 1521 1089 1609 ὥσπερ
1119 1527 1170 1610 τῷ
1198 1525 1386 1611 λάβρακι·

240 1625 446 1708 *συρομένην
465 1623 526 1707 γὰρ
543 1618 791 1705 αἰσθανόμενος
805 1626 874 1705 βίᾳ
889 1620 1066 1708 διΐστησι
1083 1624 1139 1686 καὶ
1159 1622 1276 1689 τύπτει
1297 1649 1385 1689 κοι-

239 1723 383 1787 λαίνων
410 1719 622 1805 τοῦδαφος·
663 1716 743 1784 ὅταν
772 1721 810 1784 δέ
840 1719 987 1808 *ποιήσῃ
1017 1723 1074 1807 τῆς
1103 1721 1286 1808 ἐπιδρομῆς
1326 1727 1386 1790 τοῦ

240 1820 373 1884 δικτύου
402 1819 512 1905 χώραν
541 1819 642 1884 ἔωσεν
672 1817 790 1883 ἑαυτὸν
819 1819 875 1882 καὶ
909 1825 1143 1905 προςέχεται
1172 1825 1310 1905 μέχρις
1339 1821 1386 1887 ἂν

240 1919 435 2006 παρέλθῃ.

240 2039 306 2102 Non
334 2040 417 2101 aliter
438 2039 589 2120 Oppianus
604 2038 645 2099 lll
662 2036 738 2098 121:

349 2134 517 2220 Λάβραξ
545 2133 587 2198 δὲ
613 2130 851 2218 πτερύγεσσι
879 2133 948 2196 διὰ
973 2131 1188 2219 ψαμάθοιο
1214 2127 1385 2226 λαχῆνας

341 2232 491 2319 βόθρον
518 2229 597 2298 ὅσον
623 2233 791 2307 δέξασθαι
817 2230 872 2296 ἑὸν
899 2232 1014 2318 δέμας,
1041 2229 1172 2319 ῆύτῇδς
1200 2224 1294 2318 εὐνῆν

340 2331 521 2417 ἐκλίνθη·
550 2331 606 2395 καὶ
631 2332 684 2395 τοὶ
711 2330 770 2414 μέν
795 2327 851 2394 ἐπ’
877 2327 991 2414 ῆϊύνας
1016 2327 1199 2412 κατάγουσι

339 2432 470 2496 δίκτυον
496 2428 689 2514 ἆσπαλιῆες,
716 2427 734 2492 ὁ
760 2426 792 2493 δ’
821 2426 889 2494 λλύίΙ
913 2433 1062 2514 κείμενος
1089 2427 1194 2506 αὕτως

341 2527 551 2603 ἀσπασίως
578 2527 702 2613 ῆλυξε
728 2527 783 2590 καὶ
810 2525 948 2612 ἔκφυγεν
974 2527 1074 2630 ἄκρῆν
1100 2527 1271 2612 ὀλέθρου..
1309 2551 1325 2583 0

240 2658 316 2719 llinc
347 2658 505 2720 lacunosus
532 2654 616 2717 latini
641 2654 800 2733 fragmenti
830 2656 912 2716 locus
948 2655 1006 2717 iam
1038 2655 1153 2735 plenior
1182 2643 1312 2718 adscribi
1343 2657 1385 2719 ita

239 2757 348 2838 poterit
368 2776 396 2816 v.
413 2754 540 2834 23sqq.:

342 2883 463 2944 Clausus
490 2887 554 2940 rete
580 2879 686 2958 lupus
713 2877 847 2957 quamvis
873 2877 987 2939 inmitis
1014 2885 1044 2939 et
1070 2895 1137 2940 acer

341 2978 499 3041 llimotis
526 2978 618 3038 cauda
644 2975 859 3038 submissus
887 2976 976 3037 sidit
1002 2977 1129 3038 arenis

342 3076 390 3159 [ln
415 3078 559 3156 foveaque
585 3075 694 3149 iacens
723 3074 773 3137 ubi
798 3081 863 3137 rete
889 3072 1017 3156 levatur]
1046 3075 1078 3135 in
1104 3094 1200 3147 auras,

339 3177 478 3238 Emicat
504 3183 593 3255 atque
620 3175 702 3235 dolos
727 3174 804 3236 saltu
830 3173 943 3235 deludit
967 3172 1088 3234 inultus.

241 3301 298 3362 Sed
320 3301 409 3363 etiam
430 3300 579 3362 Plutarchi
599 3299 695 3361 verbis
716 3299 951 3360 succurrendum
976 3296 1102 3359 videtur.
1148 3297 1281 3360 Primum
1303 3301 1386 3362 enim

239 3400 356 3461 etiamsi
368 3399 592 3480 Wyttenbachio
608 3396 779 3478 parebimus
796 3416 884 3459 seusu
896 3395 1039 3458 carebunt
1050 3397 1104 3457 ista
1118 3391 1197 3459 ὅταν
1208 3393 1247 3459 δὲ
1258 3395 1385 3482 ποιήσῃ

239 3496 350 3580 (πρὸ)
377 3499 432 3580 τῆς
459 3494 643 3578 ἐπιδρομῆς
668 3495 726 3558 τού
756 3490 891 3557 δικτύου
916 3487 1027 3576 χώραν
1052 3490 1154 3557 ἔωσεν
1179 3492 1297 3558 ἑαυτὸν
1323 3517 1385 3577 eqs.

239 3594 314 3667 Quid
341 3605 386 3658 est
416 3596 496 3658 enirn
522 3587 709 3677 a'rradpopp‘?
734 3588 754 3656 δ
779 3591 963 3676 ε’πίδρομος
989 3594 1178 3657 venatoribus
1206 3595 1288 3657 funis
1314 3597 1387 3664 retis

238 3695 374 3772 superior
400 3694 535 3756 audiebat
561 3712 621 3772 quo
647 3700 710 3754 rete
733 3691 833 3771 ipsum
859 3691 1061 3755 attrahebatur
1082 3694 1133 3763 (cl.
1153 3693 1264 3756 Polluc.
1286 3695 1309 3755 V
1330 3694 1389 3768 29;

239 3792 314 3854 Plini
331 3801 433 3855 autem
448 3791 536 3853 verba
552 3791 618 3854 lllX
637 3792 672 3851 tl
690 3791 731 3852 ita
747 3791 897 3853 adscribo:
919 3790 1096 3871 vidimusque
1114 3799 1214 3855 tamen
1230 3802 1328 3855 tautae
1343 3803 1387 3861 te-

239 3896 358 3954 nuitatis
383 3901 415 3952 ct
434 3889 555 3953 σουλυυι
583 3890 705 3953 bominis
733 3908 798 3951 cum
828 3891 979 3969 epidromis
1006 3893 1176 3965 ινααεύνουε,
1205 3889 1303 3970 (vna)
1326 3910 1387 3954 υαο

235 4001 369 4071 portame
391 3989 604 4052 multitudinem
626 4007 682 4068 quo
704 3988 794 4049 soltus
817 3991 1025 4068 ταμιευτικῆς
1050 3990 1151 4069 itaque
1172 3984 1194 4071 ῆ
1219 3985 1385 4072 έπιδρομῆ

239 4089 296 4152 τού
326 4083 460 4150 δικτύου
489 4087 551 4166 ipsa
581 4086 733 4148 adstrictio
763 4086 832 4147 retis
862 4104 960 4166 neque
986 4089 1065 4153 ahud
1095 4095 1149 4149 est.
1193 4088 1286 4152 Porro
1313 4088 1386 4168 quid

239 4187 294 4249 sibi
314 4188 376 4248 vult
394 4179 508 4267 χιύραν
526 4182 660 4246 noceto?
689 4184 763 4246 llem
783 4185 807 4246 si
827 4187 1003 4264 spectaveris
1031 4187 1098 4249 talia
1124 4185 1277 4266 flagitabis:
1306 4179 1387 4253 ὅταν

240 4283 278 4347 δέ
299 4280 467 4367 προνοῆσῆ
488 4286 545 4368 τῆς
560 4283 743 4369 ἐπιδρομῆς
768 4285 829 4351 τού
854 4284 988 4351 δικτύου
1013 4288 1044 4351 d*
1069 4283 1166 4372 ὤραν.
1196 4288 1291 4351 Porro
1306 4298 1387 4351 staro

241 4384 347 4464 nequit
361 4375 463 4446 ἔασεν
478 4381 609 4448 ἑαυτύνι
636 4386 744 4465 poterit
760 4386 910 4458 ελςέυσεν
925 4384 1042 4450 ἑαυτὸν
1056 4388 1087 4451 in
1104 4406 1198 4468 eoque
1214 4387 1387 4467 acquiesco3
