2902 5040
607 295 830 359 ..23-

149 488 230 533 arms
264 468 399 532 conforto
433 469 509 549 apud
542 469 689 548 Nepotem
722 469 753 530 in
787 470 921 532 Eumene
954 471 1004 543 xi,
1018 470 1054 546 ὃς
1091 470 1172 532 unda
1205 469 1297 532 ctiam

148 568 322 650 simplicitas
342 571 374 630 ist
402 566 508 630 collutas
538 576 642 631 auctor
662 568 713 630 iba
739 568 808 630 bciti
833 569 1036 649 Hispaniensis
1063 587 1109 650 cp.
1132 568 1192 644 313
1224 586 1297 648 pac-

148 675 212 729 tora
235 663 404 746 pectoribus
426 665 585 727 coniciunt
605 666 750 728 luctantas
773 666 852 746 apud
879 667 1025 730 Nasonem
1051 667 1123 729 bist.
1145 667 1195 739 vt,
1217 665 1299 740 2423

148 765 229 828 idcm
250 762 450 843 pulcherrima
472 763 575 827 collato
595 763 689 828 Marto
710 763 778 826 biat.
800 763 864 836 xli,
887 763 960 826 379.
1002 766 1064 828 iam
1087 765 1139 828 ubi
1165 766 1298 828 bumana

148 863 233 945 plura
266 861 441 925 animalibus
473 862 662 931 tribuuntur,
692 862 783 925 ctiam
816 881 897 925 arma
930 863 1064 927 cuntant
1096 864 1193 928 bestia
1225 884 1298 928 cum

148 961 278 1028 homino
323 960 383 1023 Sad
404 977 550 1041 quasnam
572 960 627 1023 bac
647 959 773 1033 bustiae,
805 977 882 1042 quaa
903 961 1051 1042 proelium
1073 962 1193 1036 incant,
1222 964 1299 1027 inito

149 1060 262 1143 proelio
277 1059 430 1122 bominem
446 1060 595 1141 effugiant,
617 1059 726 1122 daindc
740 1059 894 1141 aufugiant
916 1069 948 1122 ut
969 1061 1168 1141 insequantur
1181 1059 1299 1125 sanas?

148 1161 302 1241 Quumua
323 1159 447 1221 unicum
469 1155 604 1239 cogitas?
625 1158 663 1220 ci.
678 1158 847 1221 Bantlcim
869 1160 905 1221 ad
928 1159 1033 1222 Horati
1054 1161 1086 1222 C·
1107 1161 1147 1223 iil
1170 1160 1221 1233 12,
1244 1160 1301 1236 103

149 1267 248 1321 tamen
265 1258 349 1321 alitor
364 1259 400 1318 de
414 1275 449 1320 co
464 1257 609 1338 Vergilius
624 1258 697 1320 ban.
713 1256 739 1317 X
756 1257 829 1320 708.
856 1256 961 1338 Noquc
974 1259 1139 1340 pandamus
1157 1258 1300 1323 acumina

150 1365 252 1420 nostra
266 1355 438 1436 explicando
453 1355 545 1417 bobas
566 1355 624 1416 hoc
638 1354 790 1435 ingenium
806 1354 878 1435 quid
893 1373 1013 1436 quaqua
1027 1356 1146 1420 inscitia
1160 1356 1299 1421 volucrit

151 1459 278 1537 Accepta
301 1462 400 1517 autam
420 1453 470 1517 illa
492 1453 738 1534 intas-pretatione
759 1471 814 1516 cur
834 1470 934 1533 quasa
954 1453 1046 1517 Ulitio
1067 1455 1144 1519 duca
1165 1456 1300 1538 configa-

151 1571 219 1617 mus
240 1571 328 1616 causa
350 1551 430 1614 nulla
453 1552 517 1614 orit

235 1664 277 1727 bd
300 1682 344 1725 vv.
368 1661 491 1724 85-91
517 1661 661 1725 accadens
680 1661 812 1742 indignis
840 1680 893 1725 cos
920 1663 1046 1727 obrutos
1075 1665 1300 1729 difficultatibus

151 1762 263 1827 uidebis
283 1762 348 1823 sino
370 1759 460 1823 dubio
488 1778 564 1841 quac
587 1760 675 1823 solito
698 1778 781 1822 moro
810 1761 945 1841 castigati
974 1763 1065 1839 aclis3
1092 1764 1181 1827 nobis
1208 1765 1302 1827 casti·

150 1861 238 1942 gandi
261 1860 353 1940 magis
381 1859 511 1921 cditoras
537 1857 689 1931 vidantur3
722 1875 822 1938 naquc
853 1859 913 1920 iam
943 1860 984 1923 ita
1012 1862 1144 1925 muitum
1172 1863 1303 1926 interest

150 1961 257 2042 plusne
278 1977 318 2022 an
341 1958 440 2020 minus
460 1957 559 2019 vitiosi
586 1976 620 2018 ax
647 1955 722 2018 also
751 1957 809 2019 isto
838 1956 940 2020 ouuio
970 1958 1155 2023 conteratur.
1199 1960 1301 2043 Pnups

150 2060 220 2123 litus
249 2056 430 2119 manandum
460 2054 598 2136 piscatori
620 2063 686 2127 cst3
718 2053 759 2116 ibi
785 2055 883 2116 iocum
916 2054 974 2118 sibi
1003 2066 1106 2139 aptum
1133 2058 1222 2140 eligat
1247 2066 1302 2122 aut

150 2175 288 2220 saxosum
317 2163 369 2218 aut
394 2153 570 2216 umbrosum
601 2162 654 2215 aut
679 2153 809 2234 danique
836 2152 1009 2218 tuomum.
1053 2157 1133 2221 Hanc
1163 2159 1301 2221 iocorum

151 2256 254 2319 divisio
277 2254 429 2317 inducitur
449 2252 528 2334 apud
550 2251 720 2315 Martialium
736 2252 827 2319 nimis
841 2270 910 2314 cum
925 2253 1128 2334 indulgentem
1150 2254 1300 2319 arbitriis:

252 2385 335 2448 inter
356 2391 520 2463 utrumque
540 2380 597 2443 loci
620 2380 726 2443 molius
747 2381 940 2445 modarabaio
961 2383 1067 2446 linum

152 2500 234 2574 Quas
255 2498 343 2561 loctio
365 2517 404 2562 na
433 2515 486 2578 ego
514 2496 634 2579 quidam
665 2495 766 2558 auimo
793 2513 833 2559 nc
859 2507 1063 2564 snocrascarat
1095 2499 1185 2562 vitavi
1214 2519 1303 2565 cum·

152 2604 255 2681 parato
296 2595 422 2658 Nasonis
455 2614 542 2658 tarsu
575 2594 647 2657 Met
675 2591 757 2666 Xlll,
785 2593 863 2657 923:
903 2596 989 2659 Nunc
1019 2601 1052 2659 ἤκ
1088 2598 1163 2661 stols
1199 2599 1304 2663 adesa

151 2696 325 2759 moderabor
355 2695 519 2758 ἤαακάῆκκ
548 2694 640 2756 tinus·
668 2711 797 2775 quocum
829 2694 1027 2758 conterendus
1057 2697 1224 2761 mimator
1244 2699 1302 2761 bo·

151 2795 286 2858 rsaaiiaa's
317 2791 386 2855 bist
410 2790 576 2865 v111,847.
630 2792 743 2854 Tamen
771 2809 805 2854 ca
832 2791 876 2855 uti
905 2793 975 2855 uoto
1002 2802 1091 2856 autaa
1123 2813 1214 2875 quam
1248 2797 1303 2861 da-

152 2898 351 2955 moustratum
375 2899 420 2952 cst
434 2889 572 2970 coniungi
585 2891 720 2969 potuisse
742 2893 817 2951 istas
830 2899 985 2970 mapsa
997 2889 1064 2963 ioci,
1085 2890 1137 2953 ubi
1158 2901 1301 2972 axpacto:

152 2992 230 3054 intar
258 3000 420 3070 uuumqua
449 2989 495 3052 val
522 2988 620 3051 locum
644 2988 690 3051 val
711 2987 855 3050 locorum.
905 2987 1056 3069 Exemplis
1085 2990 1215 3054 maxima
1239 2990 1302 3055 illia

151 3089 302 3153 Ouidiauis
340 3107 417 3170 quac
453 3106 482 3169 p
518 3086 558 3147 12
592 3088 776 3167 apposuimus
808 3095 944 3149 notamur
982 3103 1023 3149 na
1060 3104 1124 3151 non
1163 3088 1303 3155 absoluta

151 3196 226 3255 tator
258 3199 411 3270 εακμο
443 3186 576 3269 positum
610 3187 704 3251 fuisso
736 3203 902 3249 sumamus
944 3185 1049 3268 ltaque
1080 3187 1225 3267 quoniam
1259 3207 1302 3253 na

151 3291 190 3352 ua
212 3289 270 3353 ioci
289 3287 408 3368 quidam
435 3286 565 3349 lactiouc
585 3285 666 3349 satio
685 3284 818 3349 dubitari
837 3292 949 3366 potest,
970 3286 1157 3365 agucscsnoia
1177 3286 1303 3369 propria

152 3388 241 3450 buius
264 3385 418 3468 scriptoris
440 3384 562 3448 audacia
584 3392 631 3448 ast
652 3383 703 3466 qui
725 3383 838 3447 sciticas
850 3383 940 3446 mam
955 3383 1013 3447 loci
1027 3384 1176 3449 modoini
1190 3385 1303 3461 iubant.

150 3488 208 3549 boc
234 3496 280 3549 cst
309 3484 410 3558 „uario
442 3484 532 3547 modo
556 3483 656 3545 locum
683 3481 835 3543 dobnba‘t
878 3480 966 3543 ticos
997 3482 1089 3562 igitur
1119 3483 1211 3547 cuam
1244 3483 1304 3548 boc

151 3604 216 3649 osso
237 3584 269 3647 in
291 3603 351 3665 quo
373 3582 558 3662 aliquatenus
581 3579 666 3643 Ouidi
688 3580 783 3642 lactor
804 3578 900 3660 possit
920 3579 1054 3643 basians.
1098 3580 1257 3663 Sequitur:

252 3702 365 3781 Aspara
387 3715 460 3761 uum
481 3695 563 3760 saxis
584 3697 647 3759 loca
668 3694 732 3757 sint
753 3712 833 3775 aqs.;

151 3828 241 3900 atqua
272 3817 375 3879 nascio
408 3833 483 3878 uum
516 3813 575 3875 iam
605 3811 790 3893 persuasoris
820 3807 875 3872 ubi
907 3817 968 3871 tam
1001 3807 1049 3870 aix
1081 3808 1175 3873 iatius
1206 3811 1303 3877 istum

151 3916 306 3999 scripsisse
326 3923 361 3976 ut
381 3912 528 3993 triplioam
551 3910 733 3973 senteutiam
763 3907 878 3990 optioni
905 3907 991 3969 uacat
1010 3907 1154 3988 particula
1173 3915 1221 3971 tan
1242 3929 1304 3991 po·

150 4020 208 4079 sita
223 4031 284 4075 non
305 4015 374 4082 siaa,
397 4010 449 4073 sad
472 4027 559 4075 aust:
592 4018 656 4071 tum
690 4008 727 4070 ad
753 4005 940 4070 κοῆαδα
960 4004 1069 4067 naimo
1099 4007 1302 4087 supplendum

151 4115 209 4178 crit
228 4114 385 4194 ἤκμακε
429 4108 488 4170 Sed
517 4106 660 4169 aicidisoe
689 4105 797 4187 aliquid
826 4111 895 4185 post
922 4123 950 4164 a.
973 4102 1015 4165 85
1042 4103 1171 4167 coniecit
1197 4104 1304 4188 iiaup·

153 4214 222 4288 tius,
243 4219 333 4290 atquc
355 4206 393 4269 ad
415 4223 480 4267 cam
503 4205 681 4267 firmandam
704 4203 908 4267 coniecturam
929 4203 987 4265 boc
1007 4200 1087 4275 tacit,
1115 4203 1196 4283 quod
1218 4204 1250 4265 in
1273 4223 1302 4266 a.

151 4311 193 4374 89
215 4309 369 4372 scribitur:
399 4323 467 4367 assa
489 4306 570 4366 onata
590 4304 706 4384 μῆἤαι
723 4304 894 4383 [symm
907 4310 1080 4382 μεικῆμες
1100 4301 1206 4380 maana
1219 4303 1303 4366 anim

151 4409 219 4489 quis
240 4407 346 4469 dicitur
373 4414 404 4468 ct
424 4398 599 4485 patassanai
626 4401 722 4482 piscas
747 4399 901 4464 nimitum
944 4399 1004 4461 Sed
1029 4398 1158 4480 piscium
1185 4418 1303 4465 noman
