2902 5040
701 271 924 378 7-ea-

242 451 313 514 haec
334 451 414 514 nasei
440 453 523 514 lecile
545 450 681 532 potuitp
707 451 817 524 littera3
845 451 944 530 itaque
971 466 1130 528 agnoscere
1156 449 1257 511 videor
1276 468 1387 511 rocem

241 553 367 632 dompno
390 552 472 613 cuius
495 551 666 613 terminatio
688 570 728 612 oo
743 558 900 630 postquam
924 558 992 612 ante
1014 559 1129 611 notaret
1150 567 1214 611 sese
1235 548 1387 622 subduxit,

239 649 395 729 indignum
417 651 487 713 illud
510 648 659 728 subrepsit
680 650 932 729 supplementum.
976 648 1039 709 Hoc
1061 647 1140 711 enim
1164 646 1274 726 cogito:

341 762 421 835 Quin
444 761 532 823 etiam
555 762 585 823 si
608 760 701 822 forte
724 761 816 822 alius
839 760 898 841 qui
922 760 1049 822 damna
1074 758 1214 824 notarit
1246 804 1250 819 1

255 895 258 899 ·
341 861 420 924 Mitis
442 861 603 922 luctantem
627 875 729 922 scarus
752 860 832 921 hunc
854 859 885 919 in
908 857 1017 919 vimine
1041 856 1129 932 vidie

239 969 403 1051 inquibus
425 970 520 1050 possis
542 971 629 1032 etiam
652 979 776 1032 notaret.
820 969 952 1030 Societas
980 975 1025 1030 est
1052 968 1132 1028 enim
1153 969 1305 1030 scarorum
1328 987 1387 1049 φι-

240 1067 420 1151 meteret.
465 1069 525 1131 lam
548 1069 696 1130 societatis
718 1069 791 1131 alius
813 1068 862 1129 bio
884 1085 985 1129 scarus
1007 1066 1120 1128 notavit
1141 1067 1262 1128 damna:
1291 1085 1386 1129 tinum

238 1168 322 1229 illum
345 1168 458 1229 abesse.

325 1266 491 1328 Certiorem
519 1268 608 1328 etiam
636 1267 671 1328 ad
699 1265 887 1345 insequentia
917 1264 1060 1327 medelam
1094 1264 1252 1328 admovere
1272 1264 1385 1327 videor.

239 1365 294 1426 Ubi
317 1366 396 1445 quod
419 1365 542 1427 Heinsio
566 1366 705 1427 debeture
1294 1353 1298 1359 ’

340 1477 441 1538 Aversi
464 1477 587 1539 caudam
610 1492 714 1538 morsu
737 1483 818 1537 tenet
840 1483 928 1555 atque
949 1474 1074 1536 lita...

339 1575 449 1635 biber
469 1582 585 1636 servato
609 1593 698 1654 quom
721 1574 794 1635 texit
817 1574 879 1634 cive
901 1573 1034 1652 resultat,

238 1690 296 1747 eloe
317 1686 454 1748 restituto
477 1687 660 1766 praeclarum
684 1675 901 1760 est,'oeterum
929 1685 1053 1761 falsum;
1080 1702 1118 1745 an
1142 1703 1203 1746 non
1225 1684 1383 1748 ridiculum

237 1792 341 1866 putem
363 1784 552 1847 liberatorem
568 1785 604 1846 de
628 1804 686 1865 qno
710 1784 767 1846 iam
784 1792 882 1846 actum
898 1803 951 1864 per
972 1790 1034 1845 tres
1050 1782 1150 1846 uersus
1173 1789 1219 1846 est
1234 1803 1385 1866 quemque

238 1902 304 1945 esse
326 1883 451 1945 liberum
467 1903 521 1964 per
536 1904 568 1945 se
584 1890 673 1964 patet,
697 1900 778 1946 nunc
793 1884 914 1945 demum
931 1901 992 1944 non
1009 1882 1102 1944 fuisse
1126 1883 1182 1945 diei
1197 1883 1234 1944 ‘in
1250 1876 1386 1945 vimine?

238 2001 337 2062 neque
364 1983 435 2044 adeo
462 1982 629 2061 germanice
657 1982 731 2043 verti
758 1982 842 2044 lieet:
878 1982 931 2042 der
958 1981 1180 2061 (bekanntlicb)
1208 1981 1298 2053 troie,
1331 1982 1384 2043 sed

237 2081 362 2142 rectius:
379 2082 421 2142 als
437 2081 484 2142 ein
502 2082 590 2143 lreier
600 2081 688 2161 prallt
701 2100 734 2142 er
745 2081 883 2152 zurueok,
899 2080 982 2162 qnasi
998 2080 1023 2141 is
1040 2080 1090 2159 qni
1101 2080 1223 2141 resultat
1233 2080 1383 2142 liberetur.

238 2179 316 2252 Quin
339 2179 428 2242 etiarn
452 2179 551 2241 omnis
573 2179 722 2241 reicienda
739 2179 907 2242 coniectura
924 2195 1099 2259 quacunque
1121 2179 1254 2259 tangitur
1275 2180 1384 2243 modus

237 2279 445 2340 coniunctivus
477 2279 594 2340 resultet
626 2278 678 2357 qui
712 2279 783 2339 oriri
822 2277 1004 2358 neglegentia
1043 2277 1090 2340 vix
1122 2286 1247 2373 ppterat.
1296 2279 1384 2352 Quod

237 2396 307 2438 vero
331 2377 462 2438 Riesius:
489 2380 572 2438 citoto
600 2377 720 2439 Verbere
742 2387 855 2439 serooto
875 2396 937 2457 eqs.
966 2396 1004 2437 ne
1030 2376 1190 2456 probemus
1220 2376 1307 2441 etiam
1333 2395 1384 2439 res

237 2482 325 2537 vetat.
370 2477 429 2536 lam
458 2485 517 2554 quo
543 2474 614 2544 illud
631 2474 727 2536 etiam
749 2473 823 2537 lito?
851 2475 1016 2556 pertinebat
1043 2475 1121 2537 hand
1148 2475 1236 2538 dubie
1258 2476 1295 2537 ad
1316 2494 1385 2554 gra·

236 2572 386 2634 vissimam
409 2573 555 2634 actionem
579 2573 608 2634 id
633 2575 711 2653 quod
735 2592 839 2653 graece
862 2575 969 2636 dicitur
996 2571 1163 2655 ἐξείρυσσε
1185 2582 1215 2635 et
1237 2571 1382 2650 ἕλκουσι,

237 2671 315 2750 quod
338 2671 452 2733 Plinius
473 2671 644 2734 transcribit
671 2674 810 2734 collucere
831 2676 912 2734 nesus
944 2677 1130 2754 erumpentis;
1165 2663 1269 2752 quodsi
1302 2680 1383 2736 recte

234 2769 350 2831 conicio
371 2787 472 2831 morsu
492 2780 569 2832 tenet.
589 2781 670 2851 atque
694 2772 810 2840 lacessit,
834 2771 948 2834 litterae
971 2773 1105 2835 turbatae
1127 2779 1200 2834 sunt
1221 2779 1257 2833 ut
1276 2791 1303 2832 v.
1321 2769 1382 2833 127

231 2885 338 2946 poseuc
359 2868 395 2928 de
417 2887 477 2947 quo
499 2868 575 2930 infra
592 2869 737 2943 dicemus;
760 2869 827 2930 ideo
846 2870 921 2943 Uber
936 2872 1003 2951 quia
1022 2891 1076 2951 pro
1098 2870 1148 2932 illo
1170 2870 1286 2933 resultet
1308 2889 1382 2931 con-

233 2966 365 3027 iunctivo
388 2967 560 3028 coniunctio
588 2967 684 3048 aliqua
707 2967 798 3030 fuerit
828 2977 958 3049 oportet,
988 2971 1100 3033 nullam
1127 2969 1286 3032 lectionem
1307 2987 1383 3033 con·

233 3064 374 3127 fidentius
397 3065 485 3144 posui
507 3085 597 3145 quam
620 3066 712 3128 hane:

479 3180 602 3240 caudam
626 3197 728 3241 morsu
752 3187 833 3241 tenet
855 3189 944 3261 atque
966 3182 1091 3257 lacessit,

254 3274 257 3279 ’
335 3275 436 3337 Donec
455 3285 571 3339 servato
594 3296 683 3358 quem
706 3278 777 3339 terit
801 3278 862 3339 'cire
885 3280 1019 3341 resultet.

234 3387 383 3467 Scriptum
405 3387 594 3451 fuisseDoeo
616 3390 796 3452 sumendum
826 3397 872 3451 est
899 3399 988 3471 atque
1020 3390 1089 3453 hine
1115 3391 1145 3452 in
1174 3387 1380 3469 langobardica

233 3485 378 3565 scriptura
412 3487 492 3548 nasci
526 3486 663 3549 facillime
686 3486 701 3549 b
724 3488 819 3550 littera
842 3497 973 3568 poterat,
1008 3490 1039 3551 in
1073 3485 1130 3570 qua
1164 3490 1246 3551 hasta
1270 3490 1380 3552 directa

232 3585 353 3675 tenuior
387 3592 431 3645 est
464 3595 672 3667 comparetque
703 3588 795 3666 magis
823 3606 838 3649 o
862 3607 950 3668 snpra
985 3606 1072 3668 quam
1106 3589 1217 3668 virgula
1249 3596 1296 3650 est
1329 3587 1381 3650 ubi

232 3672 365 3743 addatur
380 3682 494 3757 librata,
516 3684 556 3747 ita
578 3686 657 3747 fero:
681 3695 704 3747 o.
744 3686 817 3747 llale
841 3694 940 3748 autem
965 3691 1035 3749 teuit
1057 3687 1101 3749 vel
1122 3691 1250 3768 protexit
1272 3686 1381 3748 dicitur

232 3798 286 3859 pro
309 3781 432 3854 adiectu
467 3789 568 3843 tamen
603 3788 693 3846 trom't
724 3785 906 3846 substituere
940 3785 971 3845 in
1000 3786 1059 3847 isto
1086 3786 1230 3867 scriptore
1257 3785 1380 3860 haere03

232 3898 287 3940 nec
302 3879 402 3941 minus
418 3879 538 3942 audacis
559 3881 634 3942 inv.
652 3883 691 3942 14
713 3882 784 3944 illud
803 3883 987 3964 'subsequitur
1008 3891 1055 3945 est
1078 3885 1157 3964 quod
1182 3883 1379 3964 interpretor:

231 3997 262 4040 se
284 3978 432 4042 subtrahit
454 3996 582 4059 sequens
606 3981 727 4042 caudam
750 3999 846 4054 suam.
1368 4006 1371 4013 ·

776 4187 837 4249 llll.

316 4301 447 4380 Contigit
465 4299 551 4361 nobis
572 4300 602 4361 in
620 4302 772 4382 scriptoris
787 4303 870 4364 latini
885 4302 921 4364 de
936 4320 968 4364 re
984 4302 1140 4383 piscatoria
1155 4303 1378 4383 inquirentibus

230 4400 440 4478 experientiam
463 4401 687 4463 ut‘vetustioris
709 4402 832 4464 alieuius
847 4403 1001 4481 scriptoris
1018 4402 1054 4462 de
1071 4402 1195 4482 piscium
1219 4402 1377 4473 calliditate
