2902 5040
686 301 909 366 ...42-

223 479 310 541 verba
336 481 446 541 fecerit.
492 479 622 540 Plinium
646 496 715 540 vero
736 480 776 541 ita
802 498 866 541 rem
896 479 989 558 egisse
1016 487 1052 540 ut
1072 479 1189 559 saepius
1211 481 1369 553 existumo,

223 587 257 640 nt
278 579 452 659 primarium
474 596 562 640 suum
585 585 739 640 auctorem
762 580 897 641 hocloco
920 579 1043 640 minime
1059 579 1196 654 abiceret,
1220 581 1271 641 sed
1293 598 1369 642 con-

223 676 322 737 cinere
355 678 412 738 hac
442 677 474 737 in
505 694 538 737 re
567 676 705 738 Ovidium
733 678 922 739 tritissimum
961 679 1134 740 recordatus
1167 679 1276 741 addere
1306 680 1369 741 suis

223 775 477 855 elegantissimum
504 782 655 837 auctorem
678 776 839 839 festinaret.
872 777 1021 838 Eloterioo
1034 778 1157 839 verbum
1176 777 1214 837 ad
1237 777 1369 856 dactylos

222 874 306 936 facile
328 873 533 936 adhibebatur.
570 875 604 936 ln
619 876 831 955 manuscriptis
855 875 983 956 denique
1005 877 1084 956 quod
1107 875 1280 938 inscribitur
1301 895 1370 938 car-

222 972 295 1033 mini
318 973 352 1034 de
367 973 550 1034 medicamine
563 974 651 1053 faciei
663 975 812 1054 femineae,
836 974 908 1036 baec
923 975 1058 1037 videficet
1080 975 1270 1036 librariorum
1293 992 1368 1036 oon·

220 1071 332 1133 iectura
356 1079 401 1132 est
424 1090 485 1133 non
505 1078 585 1133 recta
609 1089 708 1153 neque
734 1073 831 1153 aptior
856 1092 890 1133 ea
923 1092 981 1153 qua
1013 1075 1086 1135 illud
1119 1074 1153 1136 de
1182 1075 1308 1154 piscibus
1341 1083 1369 1135 et

220 1172 293 1250 feris
315 1171 547 1233 Halieutioorum
574 1170 739 1252 fragmento
765 1171 974 1233 inscribebant.

305 1270 367 1331 lam
394 1290 462 1332 vero
491 1271 573 1332 vides
598 1272 638 1333 ‘ad
666 1271 871 1332 doctissimum
897 1272 954 1331 hoc
985 1290 1104 1332 carmen
1126 1271 1277 1334 Nasonem
1305 1290 1367 1333 non

221 1369 314 1431 fuisse
336 1368 496 1449 impulsum
521 1371 579 1431 nisi
602 1387 671 1431 cura
695 1386 795 1430 rerum
816 1370 1015 1431 humanarum
1037 1380 1126 1449 atque
1141 1372 1367 1443 amatoriarum3

221 1462 291 1529 nam
315 1468 405 1529 etiam
430 1487 466 1528 eo
488 1476 573 1548 poeta
600 1487 689 1531 verus
713 1469 785 1542 suit,
813 1469 892 1548 quod
923 1487 1017 1529 unum
1037 1469 1192 1530 bominem
1215 1470 1367 1549 spectabat

222 1574 252 1627 et
274 1585 363 1627 unam
383 1566 473 1628 vitam
497 1567 675 1643 bumanam3
698 1567 886 1628 descendisse
901 1585 970 1628 enm
994 1567 1031 1627 ad
1047 1569 1170 1629 astutias
1193 1574 1222 1629 et
1236 1567 1366 1647 piscium

221 1672 252 1725 et
278 1665 434 1744 piscatoris
463 1667 620 1748 canendas
640 1683 701 1727 non
728 1665 818 1727 nimis
847 1666 942 1727 simile
971 1666 1032 1726 veri
1062 1674 1116 1727 est.
1162 1666 1254 1727 Aliter
1277 1667 1367 1728 modo

220 1764 288 1824 talia
309 1763 429 1825 molitus
450 1771 519 1825 ante
544 1782 695 1826 excessum
712 1763 836 1843 Augusti
855 1763 976 1826 fuisset!
1008 1764 1127 1826 Adulari
1147 1772 1234 1844 poeta
1257 1765 1368 1827 rectori

221 1862 300 1924 orbis
322 1871 468 1926 terrarum
490 1865 636 1943 potuisset
663 1863 714 1942 qni
740 1863 892 1925 interdum
919 1862 1090 1943 piscabatur
1118 1864 1204 1925 hamo
1227 1863 1366 1941 (Sueton.

220 1962 292 2042 Aug.
309 1961 372 2042 83).
411 1963 502 2041 lgitur
516 1963 541 2024 si
557 1962 721 2034 descendit,
737 1963 889 2024 exordium
904 1962 1039 2023 videlicet
1059 1981 1075 2022 a
1092 1981 1147 2024 suo
1163 1963 1232 2027 iecit
1248 1959 1365 2036 exsili03

219 2061 339 2123 ludebat
361 2061 450 2123 rebus
465 2061 639 2137 trivialibus,
662 2061 828 2123 ostentabat
850 2061 928 2123 vices
943 2061 1080 2122 fortunae
1103 2061 1210 2140 quibus
1226 2062 1365 2141 praedam

220 2178 322 2239 capere
345 2161 414 2221 olim
439 2166 599 2222 amatorem
615 2159 761 2222 urbanum
777 2160 937 2232 docuisset,
958 2176 1038 2221 nune
1053 2159 1173 2221 doceret
1187 2159 1366 2239 piscatorem

218 2259 380 2332 rusticum3
406 2259 579 2320 excurrebat
609 2258 645 2318 ad
671 2258 827 2319 hominum
857 2259 947 2319 vitam
972 2258 1018 2318 vel
1044 2259 1185 2333 heroum3
1215 2258 1367 2321 indicabat

219 2358 299 2436 qnod
331 2358 497 2418 imitaretur
530 2358 699 2435 exemplum
735 2375 883 2435 graecum.
932 2356 1035 2437 ltaque
1068 2366 1171 2419 verum
1208 2357 1366 2418 exordium

220 2456 361 2518 amissum
388 2475 453 2516 esse
477 2456 668 2517 coniecerunt
695 2455 793 2516 etalii
817 2463 847 2516 et
872 2455 1047 2516 Leutschins
1070 2456 1088 2516 l.
1104 2455 1122 2516 l.
1138 2473 1166 2534 p.
1185 2453 1235 2516 90.
1273 2456 1366 2517 Cuius

218 2562 319 2616 tamen
349 2555 392 2616 rei
420 2554 564 2615 indicium
589 2554 705 2616 nullum
736 2554 876 2615 cernitur.
921 2553 1081 2633 Dispositio
1107 2573 1226 2635 quoque
1249 2551 1366 2633 integra

218 2659 293 2714 teste
317 2653 460 2732 Oppiano.
505 2653 579 2714 Nam
603 2652 691 2715 etiam
720 2652 767 2714 bic
795 2653 851 2732 ipsi
879 2659 1018 2731 capturae
1043 2653 1170 2732 piscium
1198 2650 1366 2732 praemittit

219 2760 249 2814 et
271 2753 435 2832 catalogum
458 2753 615 2813 nominum
631 2752 650 2812 l.
666 2751 687 2825 l,
714 2751 761 2814 cui
784 2750 951 2814 adnectitm·
974 2750 1010 2810 de
1033 2761 1139 2813 natura
1161 2751 1288 2830 piscium
1313 2769 1366 2813 va-

218 2851 332 2912 riorum
356 2851 497 2913 tractatus
526 2870 623 2930 nsque
646 2851 682 2912 ad
705 2851 724 2911 l.
741 2850 766 2910 ll
790 2850 890 2922 linem,
917 2856 947 2910 et
970 2849 1146 2911 astutiarum
1177 2848 1366 2911 narrationes

217 2952 236 3011 l.
253 2950 308 3024 lll;
331 2950 377 3010 six
400 2968 469 3011 casu
492 2950 627 3011 similiter
653 2949 712 3028 egit
738 2957 826 3029 poeta
849 2949 976 3023 latinus3
1007 2949 1059 3027 qui
1081 2967 1142 3010 uno
1170 2956 1287 3010 tantum
1310 2968 1365 3010 ro-

217 3049 331 3110 lumine
350 3067 414 3109 rem
437 3049 643 3128 complexurus
671 3067 706 3109 eo
737 3047 869 3108 diversus
898 3065 969 3108 sane
998 3054 1045 3107 est
1071 3047 1151 3127 quod
1183 3047 1220 3108 ab
1245 3046 1366 3109 astutiis

219 3166 308 3229 quam
331 3167 346 3209 a
369 3147 499 3226 catalogo
523 3147 675 3209 exordium
702 3147 799 3208 facere
821 3147 886 3206 iure
909 3164 964 3206 suo
987 3145 1122 3207 malebat.

304 3248 399 3326 Atque
427 3247 490 3326 ipsa
521 3245 675 3326 dispositio
707 3244 860 3305 obseruata
891 3244 949 3305 iam
976 3244 1046 3305 satis
1071 3244 1197 3306 forsitan
1219 3244 1364 3324 refragari

218 3345 351 3407 videatur
379 3345 565 3406 coniecturae
595 3345 682 3406 etiam
713 3343 797 3404 alteri
827 3362 884 3422 qua
911 3342 1025 3421 ingrata
1057 3351 1087 3404 et
1116 3343 1206 3404 ardua
1235 3343 1365 3405 istorum

218 3463 358 3505 versuum
382 3462 521 3505 excusare
548 3444 698 3507 volebant:
732 3458 794 3503 non
826 3440 994 3502 absolutum
1022 3460 1142 3504 carmen
1171 3460 1236 3503 esse
1264 3460 1364 3521 neque

175 3531 178 3535 ⁴
219 3541 275 3603 nisi
301 3551 439 3603 conatum
463 3543 591 3622 aliquem
619 3549 649 3604 et
677 3541 935 3603 adumbrationem
958 3541 1245 3620 perpoliendumque
1267 3541 1363 3603 fuisse

217 3647 329 3721 postea,
345 3640 472 3702 fortasse
493 3648 526 3704 ut
542 3640 675 3720 epistulis
691 3659 727 3701 ex
742 3639 838 3700 Ponto
861 3638 1041 3700 insereretur
1064 3639 1114 3712 lita
1130 3638 1267 3700 Leutsch.
1283 3641 1301 3701 l.
1318 3641 1363 3718 1.).

218 3738 347 3800 Consilio
370 3747 450 3800 certo
473 3739 575 3801 deberi
597 3745 678 3818 patet
701 3738 790 3800 etiam
814 3753 970 3799 excursum
1000 3736 1083 3798 illum
1114 3736 1151 3797 de
1176 3736 1256 3798 feris.
1304 3738 1363 3800 Sed

218 3839 394 3901 contradici
420 3840 503 3919 plura
526 3847 661 3919 possunt.
703 3837 778 3899 Nam
801 3837 874 3898 mihi
900 3835 1038 3915 equidem
1061 3835 1109 3896 ille
1133 3835 1242 3897 mirum
1266 3854 1365 3916 quan-

216 3945 282 3999 tum
307 3936 456 3999 Musarum
480 3957 583 4018 expers
609 3937 726 3998 videtur
748 3936 799 4016 qui
822 3942 923 4015 poetas
946 3951 1007 3996 non
1033 3952 1122 4014 prosa
1150 3935 1284 3997 oratione
1310 3937 1364 3999 sed

216 4036 352 4098 versibus
374 4037 406 4096 in
427 4046 563 4116 poemate
585 4035 691 4115 primis
716 4034 801 4095 lineis
825 4034 1006 4112 designando
1033 4033 1078 4093 uti
1099 4033 1154 4094 sibi
1170 4036 1363 4112 persuaserit,

217 4135 326 4197 oblitus
354 4135 433 4195 idem
460 4144 495 4195 ut
517 4135 611 4195 nostri
638 4134 702 4196 aevi
727 4141 882 4213 poetarum
911 4132 951 4193 ita
979 4131 1072 4211 ipsius
1099 4131 1237 4192 Aeneidis
1260 4118 1384 4212 Vergi-¹

216 4235 319 4294 lianae.
364 4233 457 4293 Porro
481 4233 506 4293 si
526 4233 598 4294 haee
621 4250 682 4293 non
705 4240 806 4293 essent
835 4231 893 4291 nisi
919 4230 1094 4292 collecticiae
1116 4230 1217 4310 copiae
1240 4249 1363 4295 carmen

216 4350 319 4393 verum
351 4340 571 4411 praeparantes,
599 4332 783 4410 stupefacere
809 4349 865 4392 nos
893 4329 1051 4409 stupiditas
1079 4329 1200 4390 deberet
1230 4330 1363 4394 hominis

217 4431 268 4512 qni
300 4432 411 4509 graecis
441 4430 561 4491 liberius
590 4447 699 4491 usurus
728 4431 825 4508 legere
853 4448 885 4490 ea
919 4446 982 4489 non
1009 4428 1081 4489 satis
1110 4428 1279 4502 habuisset,
1308 4432 1362 4493 sed
