2902 5040
604 335 648 349 ...
696 302 826 373 18⁸...

147 481 371 545 oouiuuctioues
400 478 530 543 attende.
590 479 686 541 Priori
717 497 767 543 eeu
797 479 877 560 quod
906 479 1087 559 respondeat
1116 495 1178 539 non
1205 475 1293 538 addet

146 581 204 644 uiri
233 580 279 642 oei
311 598 385 642 eum.
429 579 490 641 Sed
518 587 580 641 tem
603 578 698 642 laram
732 577 898 640 orationem
927 594 1094 658 parumque
1120 576 1292 638 adstrietam

146 697 243 760 neque
276 679 355 758 apud
389 685 504 739 ceteros
538 677 627 739 buius
654 676 801 758 temporie
833 683 936 757 poetas
958 675 1059 738 videre
1086 690 1140 752 ego
1167 671 1292 736 memlni

146 793 246 858 neque
278 795 349 839 vero
381 777 500 839 admisit
521 777 599 839 Naso
633 777 745 839 scilieet
773 785 808 838 ut
837 774 1045 856 primariorum
1073 773 1293 835 senteutiemm

148 875 333 938 diuersarum
355 874 516 955 unicuique
538 874 698 937 distribute
719 874 932 955 praefigeretur
953 873 1123 934 eeeuudarla
1139 869 1294 933 oondloio-

146 974 282 1054 nelieque
304 972 452 1037 sententia
474 973 558 1034 aliter
578 980 670 1053 atque
692 972 937 1035 coniunctionum
959 974 1141 1034 eine-riou
1162 982 1292 1048 respou-

147 1072 230 1134 oioue
253 1080 391 1134 eoourate
411 1070 576 1134 observata.
620 1071 771 1152 Scriptum
795 1078 841 1132 ort
863 1071 894 1131 in
916 1072 988 1132 Arte
1004 1069 1069 1130 Am.
1086 1069 1123 1141 ll,
1138 1067 1293 1146 ibbone:

147 1171 209 1233 Seu
231 1169 309 1232 ludet
329 1187 517 1251 numerosque
531 1188 622 1232 mono
643 1170 759 1233 epotatio
779 1169 912 1240 eburnos,
936 1165 978 1229 To
998 1166 1075 1230 mole
1097 1171 1223 1229 ioelum.
1242 1208 1248 1224 .
1266 1178 1294 1235 .,·

148 1268 208 1331 Seu
235 1271 320 1331 ioeiee
344 1267 419 1331 tulos
439 1313 446 1328 .
463 1313 493 1330 ..
512 1314 534 1343 .,
567 1279 640 1331 rum
667 1270 720 1331 tibi
743 1285 825 1349 saepe
853 1283 954 1342 muter
985 1265 1055 1327 Sive
1077 1264 1221 1327 donodono·
1239 1258 1295 1325 aab

146 1369 269 1448 deumne
283 1364 412 1429 eoleuleu
425 1367 485 1445 ibo,
501 1365 561 1429 Fae
571 1376 675 1448 pereat
687 1367 779 1429 mileo.
812 1366 875 1428 brt.
889 1364 911 1436 Ι,
928 1365 984 1427 61:
1008 1365 1068 1425 Seu
1084 1365 1193 1444 ruperis
1205 1407 1212 1422 .
1225 1406 1233 1423 .
1246 1380 1292 1433 .·.‚

148 1475 214 1528 onte
244 1465 340 1528 oculor
367 1467 459 1528 veniet
484 1484 555 1528 uero
573 1465 674 1546 puello
694 1475 775 1541 tuear
809 1463 876 1527 Sive
903 1466 983 1543 rupelo
1003 1467 1150 1534 tuomum,
1167 1463 1294 1522 'e'ooeteet

147 1563 201 1626 tibi
218 1563 297 1626 mille
315 1563 570 1643 ploeoboeet....‚
595 1564 655 1626 Suu
676 1574 702 1625 te
722 1564 799 1644 sorte
821 1565 1004 1635 o'ooot....,
1025 1561 1078 1623 bor
1099 1574 1209 1642 quoquo
1232 1574 1294 1638 eqo.

148 1661 209 1725 dut.
231 1661 269 1736 14,
291 1659 368 1722 297:
403 1661 472 1724 Sive
500 1664 554 1724 erit
580 1666 612 1724 in
635 1661 738 1741 Tyriis,
767 1657 867 1740 Tyrt'oo
897 1658 1029 1721 laudabis
1057 1662 1194 1733 amictum
1228 1644 1296 1719 srvi

148 1764 202 1824 eo
222 1763 254 1822 eie
279 1759 352 1834 ooo,
377 1759 439 1822 Gen
459 1761 558 1823 dooere
577 1770 659 1841 puto.
702 1759 772 1821 ldet.
794 1758 844 1831 XI,
865 1757 944 1818 121:
967 1757 1028 1819 sire
1049 1757 1099 1818 ille
1201 1756 1297 1817 eonti-

147 1869 242 1940 pern,
274 1857 404 1922 wenilo
433 1859 511 1921 dono
535 1859 682 1940 etpalatum
712 1857 774 1920 sire
801 1857 887 1938 depae
909 1855 1126 1935 ...porolot‚
1155 1854 1297 1916 tuumne

148 1958 235 2039 seluo
266 1958 354 2038 dupee
386 1958 500 2021 wmoto
534 1959 616 2020 deme
646 1957 802 2037 pronubae
861 1955 983 2018 llemed.
1019 1954 1096 2015 165:
1129 1952 1197 2015 Sive
1228 1969 1299 2032 opo·

148 2075 216 2118 rom
241 2056 322 2118 bellio
350 2055 433 2118 vello
463 2056 541 2130 dore,
571 2057 656 2118 nollo
681 2055 808 2137 peredou
849 2054 918 2116 Sive
937 2055 1015 2135 soro,
1048 2069 1173 2114 eorunm
1201 2050 1299 2113 woltra

149 2154 239 2234 trono
260 2164 332 2216 erut
376 2154 445 2216 Met
462 2153 535 2228 lllll,
551 2152 609 2215 20:
632 2153 699 2214 Siue
721 2152 829 2234 alequid
849 2156 933 2234 repet·
952 2162 993 2214 eat
1014 2155 1045 2212 ie
1067 2153 1204 2224 earmina,
1225 2164 1299 2211 eor·

150 2270 216 2314 naen
249 2251 308 2313 Ore
338 2269 421 2314 mooe
453 2268 549 2325 eoem
587 2252 650 2314 eive
682 2255 878 2332 eopupnooior
910 2249 998 2312 bardo
1030 2259 1084 2320 eat,
1120 2249 1203 2310 Utere
1232 2264 1296 2328 eqo.

149 2349 239 2411 'l'rist
264 2350 284 2423 Ι,
308 2349 337 2410 2.
360 2349 400 2411 87
413 2367 473 2430 sq.:
508 2367 561 2410 eeu
582 2367 628 2411 ene
650 2349 780 2430 dillpe'to'a
813 2359 907 2410 tanton
929 2351 1091 2429 competente
1111 2342 1217 2425 sinerem

152 2448 213 2511 Seu
234 2450 327 2528 neoto
348 2448 451 2519 edittae
474 2449 567 2509 luteae
590 2465 653 2528 eqo.
677 2447 715 2508 oi.
739 2451 801 2510 Art.
826 2447 847 2518 Ι,
870 2446 951 2522 4873
972 2447 1063 2509 Triet.
1086 2447 1107 2517 l,
1131 2445 1160 2519 9,
1183 2443 1241 2516 43;
1263 2444 1297 2518 V,

153 2546 182 2616 7,
196 2545 236 2607 43
250 2564 331 2626 sqq.;
352 2565 388 2607 ex
412 2544 509 2607 Ponto
525 2545 570 2613 lv,
588 2543 617 2617 8,
636 2545 675 2606 tt
688 2563 754 2625 sqq.
793 2543 938 2624 Vergilius
959 2545 1052 2606 semel
1073 2550 1192 2605 tentum
1214 2543 1300 2605 buno

153 2642 183 2704 in
212 2643 336 2705 modum
359 2642 524 2704 orationem
547 2641 663 2705 divisit:
692 2643 765 2704 Aen.
788 2641 839 2717 lll,
862 2663 888 2706 v.
911 2643 973 2704 443
990 2662 1033 2723 sq.
1079 2640 1191 2704 Similis
1213 2640 1299 2702 looue

153 2742 231 2820 apud
247 2741 397 2804 Tibullum
419 2741 465 2813 lv,
480 2740 511 2814 2,
528 2740 547 2802 9
562 2759 628 2822 eqq.
651 2758 749 2822 oeque
763 2757 824 2803 nou
840 2742 872 2803 in
888 2741 1067 2821 Panegyrioo
1090 2740 1121 2801 iu
1142 2738 1300 2801 limoniam

152 2859 179 2901 v.
195 2839 237 2901 45
254 2858 299 2919 eq.
321 2856 382 2919 quo
406 2845 493 2919 poeta
515 2857 606 2901 nemo
628 2848 708 2902 oerte
725 2841 817 2918 magio
833 2839 1001 2902 orationem
1022 2838 1193 2921 bipartitam
1208 2843 1299 2915 atque

137 2938 289 3001 -tetrieum
321 2936 392 2998 illud
420 2941 494 2999 eloe
507 2942 609 3000 -er'oe
636 2939 789 3001 affectavit.
841 2937 1052 3018 Exemplorum
1082 2944 1180 3016 autem
1214 2932 1299 3015 quani

154 3035 321 3116 exemplum
334 3035 506 3116 Propertius
529 3036 618 3098 babet
633 3038 664 3098 in
686 3036 752 3098 libri
767 3037 889 3100 secundi
904 3037 1025 3099 exordio
1049 3038 1086 3109 (v.
1110 3037 1129 3096 5
1145 3032 1225 3115 sqq.)
1235 3064 1238 3069 ·
1248 3032 1299 3114 qui

155 3151 217 3194 uon
228 3132 329 3195 minue
347 3134 463 3196 seriem
476 3134 607 3196 indicato
623 3154 706 3197 more
727 3135 908 3199 distrinxerit
924 3133 1103 3198 senteutiam
1125 3150 1245 3214 semper
1265 3138 1301 3192 ut

153 3235 227 3293 eive
249 3232 507 3312 praemittendum
533 3233 751 3314 transponendi
767 3254 837 3296 vero
852 3233 984 3296 membra
999 3266 1042 3278 --
1056 3232 1086 3294 id
1108 3230 1187 3311 quod
1203 3228 1300 3291 Lnolt·

154 3330 259 3391 manui
279 3330 363 3394 iussu
385 3330 511 3393 invaluit
524 3365 568 3376 -
582 3351 680 3413 noque
702 3352 789 3397 oauea
810 3333 894 3394 adest
916 3349 1013 3411 neque
1036 3332 1081 3392 vel
1103 3329 1197 3399 venia,
1218 3327 1300 3410 quod

154 3445 236 3489 nuno
250 3428 372 3490 indicari
389 3446 465 3491 arne
476 3429 547 3491 satis
569 3431 617 3493 sit.
654 3431 728 3492 ltem
753 3430 876 3492 Ovidius
893 3427 1077 3501 nm.117,7
1101 3427 1202 3489 nescio
1224 3438 1298 3488 num

154 3524 212 3587 See
233 3544 319 3606 poem
341 3526 462 3588 leodem·
483 3534 513 3588 et
527 3526 585 3588 Seu
607 3528 688 3608 oolpo
710 3528 887 3608 perrexerit:
910 3528 946 3589 oi.
964 3533 1065 3589 notam
1080 3525 1255 3588 Burmanni.

240 3623 301 3686 lam
329 3642 399 3686 vero
426 3624 495 3698 ieta>
519 3625 629 3706 inquio,
656 3627 824 3703 euflloiant3
855 3626 913 3688 iam
936 3625 1017 3687 enim
1039 3624 1132 3687 adlata
1154 3623 1300 3686 bohemos

156 3740 223 3784 cum
246 3740 324 3801 quae
351 3721 472 3802 indigna
496 3723 613 3786 Nasone
634 3725 796 3788 credantur
818 3725 888 3797 duo,
915 3732 982 3786 tum
1003 3741 1074 3786 vero
1095 3722 1229 3803 quinque
1249 3721 1299 3782 in·

156 3829 309 3901 expectata
332 3839 454 3900 prorsus
477 3821 603 3885 crimina
622 3831 714 3903 atque
736 3823 777 3887 ita
800 3829 968 3902 comparata
989 3831 1024 3885 ut
1045 3821 1073 3883 ni
1093 3822 1171 3883 forte
1194 3837 1299 3882 eorum

157 3927 297 3999 quattuor
319 3919 512 3983 confutentur
533 3921 625 4001 copiis
647 3921 749 3984 nescio
765 3922 846 3985 uude
860 3920 972 4001 petitis,
993 3929 1095 3982 tamen
1110 3935 1203 3983 uuum
1218 3918 1299 3999 quod

156 4016 282 4080 restabit
308 4017 344 4079 ad
373 4017 463 4080 fidem
485 4017 659 4082 Ouidianum
687 4020 876 4082 evertendam
905 4018 979 4082 satie
1005 4019 1126 4082 mnium
1152 4034 1300 4097 superque

156 4115 248 4177 videri
274 4115 389 4178 debeat.
433 4117 543 4179 Verum
573 4125 671 4180 tenes.
715 4118 830 4180 Temen
857 4119 949 4198 magio
976 4118 1066 4180 etiam
1088 4115 1301 4179 adminiculum

156 4231 220 4274 rem
244 4221 376 4275 nostram
398 4214 527 4294 placeat3
550 4234 620 4278 nam
644 4215 831 4296 estquidam
855 4215 1020 4277 aedilicium
1042 4215 1115 4277 illud
1138 4213 1301 4291 elegantius

158 4311 245 4373 cuiue
272 4311 444 4374 columellae
471 4315 532 4376 siut
562 4332 625 4375 uon
654 4314 754 4393 plures
781 4332 872 4394 quam
900 4330 976 4394 quae
1002 4312 1152 4376 l‘uleieudo
1175 4311 1301 4393 ponderi

157 4409 322 4483 sufficiant3
344 4410 396 4472 ubi
419 4428 487 4473 vero
509 4411 661 4475 ineeesura
683 4412 840 4476 bominum
856 4412 1015 4475 multitudo
1037 4412 1085 4487 eit,
1108 4411 1201 4492 magis
1223 4409 1300 4474 dtuli
