2902 5040
596 356 838 420 -199-

149 535 408 615 interpolationem
432 534 531 614 potins
552 534 775 614 deprehendere
805 553 857 613 ego
886 543 915 596 et
939 532 1169 596 vetustissimam
1192 541 1222 593 et
1244 533 1288 594 vi-

149 635 290 696 lissimam
306 633 414 694 videor.
452 633 525 695 Nam
542 634 586 694 vel
608 633 679 694 iliud
695 643 816 714 optoque
828 636 914 695 111111
935 632 1114 694 inertissime
1129 632 1289 694 addidisset

149 733 278 813 scriptor
299 732 334 794 ad
357 731 542 793 nominatam
564 731 701 812 paludem
725 731 829 812 ipsam.
872 730 977 812 Neque
999 731 1106 793 sterilis
1128 731 1207 802 diu,
1236 731 1288 792 sed

151 850 301 911 semper
323 831 407 912 palus
429 831 494 910 ipsa
518 831 642 893 dicenda
664 831 737 905 luit,
766 850 821 892 nec
842 831 925 893 facile
946 831 1056 893 sentire
1079 839 1208 893 aratrum
1232 830 1289 892 dici

150 932 235 1010 palus
257 931 319 1011 ipsa
342 938 465 1010 poterat.
509 931 601 1010 Igitur
622 939 692 994 aute
714 929 851 992 Servium
874 948 931 1010 qua
953 938 1049 992 aetate
1072 930 1139 992 vitia
1161 930 1289 1009 plurima

150 1032 182 1092 in
205 1030 325 1091 Horatio
348 1030 469 1091 suborta
492 1040 565 1092 sunt
590 1029 787 1112 interpolator
808 1030 944 1110 paludem
969 1030 1158 1110 Pomptinam
1182 1028 1288 1090 clarius

149 1129 335 1191 indicandam
358 1129 441 1190 duxit
462 1147 531 1191 cum
552 1128 615 1191 iere
638 1129 683 1190 his
706 1127 811 1190 similia
833 1129 1009 1191 invenisset:

351 1278 495 1345 sterilisve
516 1278 567 1341 diu
590 1277 691 1359 glaeba
712 1285 838 1359 aptaque
860 1278 951 1341 remis

252 1376 365 1443 uicinas
390 1376 470 1442 urbis
493 1377 544 1439 alit
567 1385 596 1442 et
618 1395 706 1456 grave
729 1376 819 1439 sentit
840 1384 981 1439 aratrum.

150 1526 251 1604 lpsum
273 1542 344 1586 vero
366 1527 440 1605 11911
461 1541 530 1606 opus
551 1531 584 1585 ut
607 1523 643 1584 de
666 1522 733 1584 divo
754 1523 828 1586 lulio
856 1523 967 1587 dictvun
990 1524 1039 1600 sit,
1069 1531 1169 1587 tamen
1191 1523 1290 1585 induci

149 1643 186 1684 eo
208 1622 342 1702 potuisse
364 1622 454 1684 etiam
468 1625 636 1702 Augustum
658 1639 721 1683 non
743 1623 929 1702 negaverim3
951 1640 1079 1705 namque
1094 1623 1220 1703 Augusti
1240 1622 1290 1684 illu

150 1723 188 1782 de
211 1722 330 1783 lloratio
352 1722 388 1783 ad
412 1721 626 1783 Maecenatem:
661 1718 756 1784 Veniet
783 1739 851 1801 erpo
879 1722 914 1784 ab
943 1725 999 1784 isto
1016 1727 1173 1805 parasitico
1193 1740 1291 1785 menso

151 1823 191 1883 od
221 1821 294 1884 111111
327 1825 433 1902 regium
465 1820 557 1901 (apud
580 1821 756 1882 Suetonium
779 1820 863 1882 Reill.
885 1841 915 1902 p.
938 1822 992 1898 45)
1024 1839 1129 1903 parum
1161 1822 1292 1903 respexit

149 1920 352 1982 Mommseuus
374 1920 405 1981 in
429 1919 532 1980 licem.
548 1918 785 1981 811111111111111
799 1938 828 2000 p.
845 1919 916 1980 741.

235 2019 446 2082 Gravissimum
479 2026 578 2081 autem
610 2017 682 2080 illud
716 2034 834 2098 quoque
866 2034 933 2079 esse
966 2018 1113 2080 existumo
1141 2019 1220 2099 quod
1254 2019 1290 2078 de

151 2119 272 2180 Terenti
310 2117 412 2180 Scauri
445 2116 668 2179 commentariis
701 2123 824 2178 constat.
881 2116 984 2196 Neque
1015 2114 1095 2178 enim
1128 2116 1290 2196 speciosior

150 2236 239 2299 quam
262 2217 357 2280 verior
372 2215 600 2296 Zangemeisteri
623 2214 671 2276 illa
694 2213 862 2276 coniectura
884 2212 1085 2291 1111011111.
1101 2230 1162 2276 voc.
1180 2215 1287 2294 singul.

150 2337 178 2398 p.
187 2317 227 2378 40
236 2318 313 2396 sqq.)
331 2332 389 2396 qua
405 2313 583 2376 admirabilis
596 2313 716 2394 quidam
729 2312 842 2375 Charisi
857 2313 1032 2393 explanatur
1045 2313 1128 2374 locus
1142 2331 1170 2394 p.
1181 2311 1288 2374 202K:

150 2417 346 2496 „ivrsporireru
367 2413 504 2477 1111111111
525 2413 719 2493 epistolarum,
740 2412 887 2484 „oersibus
908 2414 1058 2493 impariter
1077 2414 1182 2474 11111111
1191 2419 1218 2486 “,
1232 2412 1292 2475 ubi

152 2513 186 2588 Q.
213 2512 357 2576 Terentius
378 2511 506 2575 &eurus
538 2515 568 2573 iu
591 2514 799 2574 commentariis
829 2515 862 2573 in
895 2520 985 2573 artem
1004 2515 1144 2591 poeticum
1165 2511 1239 2574 libro
1260 2508 1289 2573 ’Χ

150 2613 355 2687 „nivernum
377 2614 468 2692 inquit
488 2610 679 2692 „liguram
712 2628 783 2672 nam
817 2610 842 2671 si
870 2609 973 2672 Scauri
1005 2610 1287 2672 commentariorum

149 2707 379 2774 Horatianorum
402 2711 476 2775 duos
498 2710 589 2773 libros
612 2710 648 2772 ad
670 2725 823 2771 sormones
846 2709 1027 2788 pertinuisse
1050 2709 1099 2786 (cl.
1123 2709 1233 2789 Porph.
1259 2717 1288 2771 et

150 2811 314 2873 Comment
332 2809 453 2892 Cruquii
469 2808 505 2871 ed
521 2809 580 2870 Sat.
596 2808 667 2881 115,
684 2807 737 2883 92)
753 2807 902 2883 statuitur,
923 2808 1103 2887 singularem
1119 2807 1155 2870 ad
1171 2808 1288 2888 epodon

150 2910 269 2982 librum,
302 2918 444 2991 quattuor
478 2909 513 2970 ad
540 2907 681 2978 carmina,
714 2906 791 2968 duos
812 2906 848 2968 ad
872 2906 1020 2986 epistulas,
1054 2908 1113 2969 iam
1136 2907 1172 2968 ad
1195 2916 1288 2968 artem

150 3011 297 3090 poeticam
320 3011 373 3090 qui
388 3007 516 3088 scriptus
531 3007 588 3069 fuit
602 3013 633 3069 et
648 3005 780 3069 decimus
793 3005 851 3067 fuit
865 3012 895 3066 et
910 3004 1041 3067 ultimus.
1072 3005 1172 3087 ltaque
1187 3022 1224 3066 ex
1246 3005 1287 3067 eis

149 3108 332 3188 quaeadnos
340 3106 561 3170 descenderunt
569 3105 670 3166 ilorati
680 3102 896 3184 exemplaribus
907 3105 939 3165 iu
948 3104 1211 3185 quibusabultimo
1223 3105 1288 3167 loco

150 3209 204 3268 Ars
216 3212 329 3269 remota
342 3214 387 3269 est
409 3206 446 3267 de
458 3204 520 3286 ipsa
533 3203 647 3285 origine
658 3203 735 3265 Artis
755 3212 783 3266 et
796 3202 927 3265 editione
937 3203 996 3265 iam
1008 3203 1094 3283 plane
1107 3203 1180 3265 nihil
1193 3200 1288 3284 colligi

149 3306 225 3367 licet.
271 3301 381 3378 Quodsi
405 3323 438 3367 ea
460 3303 564 3367 ultimo
587 3304 651 3365 loco
673 3311 808 3384 tempore
830 3302 970 3365 Hadriani
991 3301 1168 3376 habebatur,
1191 3305 1288 3384 specie

150 3405 174 3467 si
187 3405 286 3467 minus
301 3403 417 3477 illustri,
434 3411 464 3464 at
476 3402 620 3465 sublustri
632 3403 734 3465 saltem
751 3423 784 3465 eo
800 3401 946 3465 trahimur
957 3408 991 3463 ut
1004 3402 1092 3463 etiam
1104 3401 1211 3464 editam
1224 3422 1287 3465 eam

149 3504 213 3565 loco
236 3503 338 3566 ultimo
360 3510 509 3584 putemus.
544 3502 696 3564 Praeterea
712 3502 768 3563 hoc
794 3501 926 3563 adverte:
950 3500 1098 3563 Charisius
1120 3501 1199 3564 enim
1226 3520 1288 3565 nou

149 3603 254 3664 refert:
284 3601 424 3663 Horatius
445 3601 521 3666 Artis
545 3605 680 3681 poeticae,
708 3601 758 3663 sed
786 3599 923 3664 Horatius
945 3601 1157 3680 Epistularum
1191 3601 1288 3681 itaque

150 3701 236 3762 etiam
265 3700 352 3761 talem
376 3699 476 3762 Horati
504 3699 663 3762 editionem
689 3717 813 3780 eamque
835 3706 902 3778 post
925 3699 1079 3774 Scaurum,
1106 3699 1287 3774 studetur,

151 3798 298 3861 exstitisse
321 3799 398 3860 clare
413 3799 568 3878 cognoscis
585 3799 616 3859 in
639 3817 696 3879 qua
719 3817 786 3860 cum
808 3798 872 3878 ipsa
886 3798 963 3860 Artis
976 3798 1130 3880 inscriptio
1153 3808 1204 3861 aut
1226 3817 1288 3860 non

149 3899 298 3978 legeretur
324 3904 374 3959 ant
396 3915 458 3958 non
480 3898 676 3978 respiceretur
698 3915 760 3958 non
783 3897 858 3960 duos
880 3897 970 3959 libros
993 3898 1152 3979 antiquitas
1175 3897 1288 3960 terebat

149 3996 349 4078 Epistularum
361 3995 474 4074 iiorati,
487 3997 537 4058 sed
550 4004 621 4058 tres.
649 3996 797 4058 Charisius
810 4006 909 4058 autem
921 3996 1063 4059 lectiones
1075 3997 1148 4058 duas
1161 3996 1287 4059 diversas

150 4096 318 4170 coniunxit3
349 4095 382 4157 in
414 4094 504 4157 altera
530 4099 679 4175 impariter
706 4095 879 4158 adverbium
909 4095 1055 4158 citabatur
1085 4115 1120 4156 ex
1146 4095 1287 4176 Epistulis

151 4193 219 4266 (hoc
242 4202 287 4255 est
309 4212 343 4256 ex
359 4192 558 4273 Epistularum
582 4195 698 4270 tertiol:
723 4193 844 4256 alteram
860 4213 928 4256 vero
951 4214 1018 4257 cum
1041 4214 1077 4256 ex
1100 4195 1209 4256 Scauro
1225 4195 1288 4256 adi-

151 4301 229 4355 ceret
251 4291 303 4354 ubi
318 4293 541 4374 inscriptionem
556 4293 635 4355 Artis
649 4293 685 4355 ab
708 4293 755 4355 illa
771 4293 972 4374 Epistularum
996 4293 1140 4356 diversam
1162 4294 1287 4368 videbat,

150 4392 209 4453 iam
224 4393 390 4454 necessario
411 4393 533 4473 plenum
549 4392 718 4455 Terentiam
740 4392 838 4472 operis
860 4393 980 4455 titulum
1003 4393 1169 4474 adponebat
1190 4394 1285 4456 hunc:

151 4490 277 4554 Scaurus
292 4493 324 4552 111
339 4495 545 4556 commentariis
566 4496 597 4554 ire
618 4501 709 4554 ortem
719 4494 856 4571 poetieam
872 4493 945 4554 libro
962 4491 996 4554 X.
1035 4492 1136 4575 Neque
1150 4493 1196 4555 vel
1214 4492 1287 4558 illud
