2902 5040
583 318 717 408 ...pp
763 378 806 390 ..

124 523 283 603 conposuit
306 522 486 585 Peterscnus
503 520 611 584 Philus.
628 523 732 602 Chrys.
748 509 953 583 Fundamenta
974 540 1005 600 p.
1022 521 1079 582 145
1088 539 1152 601 sqq.
1187 521 1270 597 Quae

123 641 172 683 res
195 631 228 683 ut
250 615 296 683 est
311 623 455 694 intricata,
479 623 517 683 ita
540 631 641 683 tamen
657 620 833 683 divisionem
849 640 923 699 quac
946 628 992 681 est
1014 620 1091 682 inter
1113 615 1218 696 ἄλογα
1240 629 1270 683 et

124 717 241 798 λογικά
272 722 337 782 luce
360 722 486 782 lucidius
508 730 554 783 est
585 739 647 782 non
670 719 848 799 pertinuisse
871 719 906 779 ad
928 724 1027 781 totum
1050 719 1196 781 mundum
1218 720 1269 783 sed

125 821 162 880 ad
184 820 349 899 superioris
373 828 488 881 tantum
511 820 662 883 divisionis
685 827 808 898 partem,
833 819 889 879 hoc
911 827 956 879 est
979 818 1014 878 ad
1037 808 1198 899 &pilippos
1225 819 1270 883 lta

124 919 207 981 enim
230 919 365 981 divisisse
386 920 514 981 videtur:

731 1047 763 1106 ri

665 1249 711 1361 ι’)’νι
828 1253 937 1361 prpdv

614 1362 802 1450 s&

602 1469 697 1552 σῶμα
799 1460 978 1550 ἀσώματον

529 1571 898 1764 ἒμῇχῆψυῇον
914 1673 1017 1762 (φυτά
1037 1674 1148 1754 λίθοι)
1259 1762 1262 1769 ἱ

508 1806 549 1859 ss
572 1785 726 1868 Χ

397 1954 400 1961 ⁴
469 1883 603 1965 λογικόν
722 1883 843 1965 ἄλογον
859 1888 990 1970 (θηρία)

460 1990 738 2077 s&

327 2087 504 2168 ἀθάνατος
618 2093 741 2177 θνητός

227 2214 229 2219 ·
294 2197 339 2259 vel
355 2188 533 2277 deceptae
570 2196 616 2256 vel
631 2194 793 2278 ςρθοιρῑόςΙ
814 2226 816 2231 >

362 2295 466 2374 (daei)
574 2291 795 2377 (dodonaei)

126 2442 229 2531 ltaque
244 2447 402 2510 corruebat
418 2446 520 2508 divisio
534 2447 591 2507 nisi
604 2447 673 2526 quid
687 2441 895 2508 inveniebatur
906 2431 1056 2528 ἔμψυχον
1066 2441 1195 2520 ἄλογον.
1220 2441 1272 2502 lll-

126 2569 184 2630 que
201 2553 301 2609 contra
318 2547 414 2608 dicere
428 2545 599 2608 Plutarchus
615 2545 645 2607 id
660 2552 777 2607 tantum
794 2536 918 2606 debehat
934 2551 984 2606 aut
1000 2544 1122 2605 omnino
1139 2540 1273 2605 dividenss

124 2638 198 2728 ‘dum
223 2656 283 2708 uon
307 2665 371 2707 esse
395 2655 455 2707 aut·
469 2633 555 2724 posse
578 2645 665 2705 etiam
694 2642 774 2705 aliud
796 2637 892 2705 statui
918 2644 1099 2723 principium
1122 2641 1272 2703 divisionis

124 2746 245 2826 praeter
272 2745 427 2816 rationem.
474 2743 677 2805 Volkmannus
706 2742 804 2805 beben
834 2762 865 2804 u.
889 2742 1041 2805 Schriften
1071 2741 1122 2802 des
1146 2741 1224 2802 Plut.
1246 2731 1272 2799 ll

124 2837 153 2927 p.
178 2841 218 2906 82
242 2844 352 2906 referre
380 2841 551 2904 Plutarchea
583 2841 656 2903 satis
685 2841 796 2904 hahuit.
841 2841 973 2926 Denique
1005 2841 1037 2902 in
1071 2840 1142 2920 ipsis
1176 2838 1272 2898 verbis

125 2942 279 3025 Chrysippi
295 2950 363 3021 post
379 2934 556 3020 ἀσώματον
571 2938 802 3001 interciderunt:
827 2939 882 3000 καὶ
898 2933 976 3022 epid
976 2935 1098 3021 μψύχω
1119 2936 1157 3023 ad
1182 2931 1271 3023 &pn

57 3032 62 3040 ¹
124 3061 193 3119 χον,
216 3037 244 3100 id
267 3039 348 3118 quod
371 3059 418 3100 me
441 3039 566 3100 iudice
558 3046 621 3118 ipsa
644 3038 747 3101 frande
769 3037 919 3100 Plutarchi
940 3040 1051 3097 lactum
1074 3044 1128 3096 est.

211 3137 331 3218 Atque
322 3157 380 3198 ram
403 3139 528 3217 etrnperi
546 3137 776 3200 llalieuticornm
797 3147 916 3217 quoqne
937 3135 1098 3196 latinorum
1116 3132 1195 3193 unde
1217 3119 1272 3192 de—

125 3238 205 3299 llerit
235 3256 334 3298 sermo
370 3239 543 3322 memoriam
579 3239 795 3318 replicabimus.
841 3237 962 3297 Constat
992 3235 1070 3295 inter
1093 3248 1198 3292 omnes
1219 3216 1271 3292 uhi

126 3337 287 3398 mundus
280 3337 373 3416 ipsius
396 3337 439 3397 dei
464 3316 574 3398 levisve
603 3338 665 3397 vioe
695 3338 796 3416 lhngat
798 3355 835 3398 ur
860 3333 1078 3414 cognoscendam
1103 3330 1272 3391 Stoicorum

125 3435 289 3496 doctrinam
324 3453 397 3495 esse.
443 3435 543 3514 lpsum
568 3436 775 3514 Chrysippum
794 3451 912 3514 quoque
948 3431 1092 3492 mundum
1126 3444 1181 3507 pro
1215 3428 1270 3488 deo

126 3534 263 3594 hahuisse
285 3534 385 3594 Cicero
408 3535 523 3595 testis
515 3554 546 3594 m
569 3534 645 3595 libro
669 3535 756 3594 modo
780 3533 923 3612 explicato
946 3528 1211 3608 locupletissimum
1236 3527 1271 3585 ci.

126 3634 213 3694 etiarn
237 3633 303 3693 libri
319 3634 331 3692 l
347 3637 364 3706 ξ
383 3632 421 3693 39
444 3643 531 3712 atque
554 3632 718 3693 Philodemi
742 3631 820 3713 περὶ
836 3627 942 3711 edred.
959 3651 987 3710 p.
1005 3629 1045 3690 82
1062 3629 1177 3706 Gomp,
1202 3626 1270 3685 Sto-

125 3731 338 3793 baeuml444
373 3741 402 3792 et
429 3744 503 3810 quae
527 3731 694 3793 doctissime
728 3732 887 3810 disputavit
918 3729 1041 3790 Krische
1070 3726 1191 3787 Forsch.
1222 3724 1270 3784 alt.

126 3831 206 3892 rur„
222 3851 252 3911 p.
277 3831 338 3890 452
355 3850 409 3910 sq
433 3831 504 3890 424.
550 3831 610 3892 lam
634 3850 702 3892 vero
725 3841 811 3911 poeta
845 3830 954 3897 latinus
981 3837 1014 3890 nt
1037 3826 1164 3888 casulam
1188 3841 1271 3883 snam

126 3914 363 4010 piscatoriamg
347 3929 502 3990 vrandiore
532 3928 674 3991 vestibulo
709 3938 871 4015 exornaret,
851 3929 984 3990 thunc
1017 3927 1049 3998 in
1084 3923 1205 3985 modum
1240 3921 1271 4004 in

126 4050 151 4090 v
180 4030 405 4131 lsequendum
430 4028 625 4109 Chrysippum
649 4027 745 4089 duxit:
797 4037 801 4044 ’
863 4108 867 4115 ¹
1160 4040 1163 4044 '
1257 4046 1261 4051 ·

165 4215 168 4218 A
226 4145 345 4228 Accepit
368 4125 498 4208 mundus
521 4147 627 4225 legem,
650 4145 729 4208 dedit
751 4164 831 4211 arma
853 4136 907 4224 por
929 4161 1031 4206 omnes
1142 4132 1144 4137 ’

226 4245 448 4327 Admonuitque
470 4245 526 4305 sui.

126 4376 229 4440 Trium
247 4380 403 4440 notionum
421 4380 503 4441 verbi
519 4374 641 4460 κόσμος
657 4379 767 4458 (baert.
781 4379 929 4458 Diop'vh
948 4378 1078 4454 137'sq.)
1095 4373 1188 4453 prima
1204 4377 1272 4433 tan·

125 4478 190 4538 tum
211 4473 263 4539 'ina
286 4480 316 4538 in
340 4488 477 4542 uestrum
501 4479 596 4540 locum
621 4481 804 4558 qu‘adratfut
823 4479 900 4540 oeus
921 4479 961 4541 sit
983 4471 1063 4542 καθ’
1085 4468 1125 4537 ὃν-
1148 4468 1166 4555 ἡ
1193 4469 1271 4545 dtur

1075 4577 1112 4631 7*
