2902 5040
659 316 882 381 -33-

195 496 368 577 ubi-phycis
390 496 479 576 piscis
502 493 601 556 avium
624 494 710 555 nidos
733 493 842 555 imitari
866 493 1009 554 dicendus
1031 492 1097 566 fuit,
1121 493 1200 556 inter
1222 496 1341 555 scarum

194 597 397 658 ruminantem
421 602 450 656 et
465 593 601 655 obromin
622 592 808 655 immundam
824 592 924 653 dulces
941 612 1008 653 cece
1026 593 1085 653 nidi
1108 593 1343 673 interponuntur

195 692 365 774 (1131.122;
394 691 618 753 similitudinem
642 690 926 770 311333113331133
954 690 1138 767 observavit).
1185 692 1342 753 113113133

194 793 244 854 vili
267 792 409 873 purpurei
431 790 721 870 33331363333131.
758 790 797 849 At
819 790 874 850 sub
896 790 991 852 lacera
1014 798 1095 852 veste
1118 799 1148 852 31
1170 791 1246 851 3313
1268 808 1342 851 con·

194 887 261 954 suta
283 891 415 952 cernitur
442 889 593 968 ingenium
623 889 739 951 nudum
768 906 898 969 veroque
925 888 1032 951 orbum
1061 890 1168 951 decore
1198 897 1229 950 et
1250 888 1343 951 Musis

195 990 305 1052 3133113
326 989 465 1051 invisum.

279 1088 399 1149 lnvidae
414 1106 487 1148 sane
500 1085 601 1147 Musae
616 1103 691 1165 quae
713 1085 810 1146 divitis
832 1085 945 1165 ingenii
961 1086 1089 1166 speciem
1114 1105 1153 1148 ne
1174 1086 1206 1148 iu
1227 1086 1344 1148 tantulo

195 1188 316 1268 quidem
339 1195 444 1258 cantu,
466 1185 519 1265 qui
542 1202 605 1245 non
627 1185 693 1263 plus
716 1191 830 1246 sextam
853 1193 968 1264 partem
991 1185 1097 1265 singuli
1120 1185 1186 1246 libri
1208 1184 1344 1246 Ovidiani

195 1286 325 1357 valebat,
359 1283 473 1370 homini
507 1282 739 1344 condonaverint
771 1283 946 1345 3331133313
977 1301 1040 1345 non
1074 1285 1196 1346 initiato.
1240 1285 1345 1364 lnopia

196 1384 356 1447 miserabili
379 1383 481 1450 utitur.
518 1381 638 1443 Ferociu
659 1385 761 1442 meretis
783 1381 923 1443 scribitur
937 1402 964 1443 3.
980 1382 1018 1442 51
1044 1382 1093 1461 (de
1115 1383 1241 1444 lectione
1264 1383 1344 1444 enim

196 1503 234 1545 ne
262 1483 377 1554 dubite3
410 1481 442 1542 in
475 1481 550 1542 libro
584 1479 714 1558 mestas)·‚
747 1480 845 1540 statim
869 1479 1112 1542 11313131359.
1158 1481 1292 1543 Clausula
1316 1490 1345 1543 31

195 1603 222 1642 r.
248 1580 307 1642 103
330 1589 360 1642 31
381 1599 407 1640 v.
431 1577 492 1639 124
523 1578 624 1640 eadem
648 1579 733 1640 haec:
764 1580 895 1640 concolor
924 1579 972 1640 illi
1005 1579 1207 1656 (membranae
1229 1600 1256 1641 3.
1283 1580 1345 1641 124

196 1679 368 1759 coecorum
396 1678 526 1739 clausula
548 1680 677 1756 33313133
699 1680 894 1739 13133135
917 1679 1040 1756 ponitur
1064 1686 1094 1738 et
1115 1678 1235 1751 3.116;
1264 1680 1345 1741 clau-

195 1780 257 1842 sula
273 1783 495 1840 1333333313.
514 1774 554 1834 25
572 1784 643 1836 313.
661 1774 716 1849 36;
739 1775 869 1836 31333313
884 1777 936 1837 sub
958 1777 1043 1838 33311
1059 1784 1131 1837 etv.
1149 1775 1213 1838 931
1229 1795 1254 1839 3.
1272 1776 1343 1839 122.

196 1880 258 1940 Vox
281 1879 385 1940 133313
407 1876 438 1936 13
461 1875 559 1954 311313
581 1874 740 1952 fragmenti
762 1882 847 1953 parte
869 1875 979 1954 scripta
1003 1883 1049 1935 est
1072 1884 1127 1949 ter,
1150 1894 1176 1936 v.
1197 1876 1234 1937 13
1251 1885 1281 1937 31
1302 1875 1343 1936 27

195 1973 621 2051 3142131313131333311331
652 1982 713 2045 331,
742 1972 811 2033 33113
842 1991 939 2034 raram
970 1975 1047 2035 bano
1074 1993 1140 2035 esse
1166 1975 1198 2035 13
1222 1974 1344 2036 Ovidis:

195 2075 315 2137 lleroid.
330 2073 357 2134 ll
376 2073 452 2144 1233
475 2069 665 2143 Α11.11173;
695 2071 747 2150 qui
776 2073 887 2133 accedit
914 2074 997 2134 locus
1028 2073 1288 2135 13333313333133
1309 2093 1345 2134 ex

195 2170 389 2242 93313179,
406 2171 446 2232 73
470 2169 596 2248 Vergilio
620 2168 746 2231 debetur
767 2171 836 2231 den.
855 2172 895 2232 lll
917 2170 994 2245 267;
1018 2172 1053 2233 31.
1079 2171 1155 2233 Stati
1177 2171 1269 2232 Theb.
1294 2172 1345 2233 vu

199 2265 288 2346 141);
310 2287 393 2330 mere
416 2270 446 2331 in
469 2288 559 2348 33133
582 2267 695 2330 ambitu
718 2269 790 2330 item
813 2277 860 2330 ter
882 2279 929 2330 331
951 2288 977 2331 3.
994 2270 1044 2344 91,
1060 2269 1101 2330 99
1118 2280 1147 2331 31
1167 2270 1239 2340 162;
1262 2275 1345 2332 verde

194 2384 220 2432 3.·
239 2369 280 2432 89
296 2368 441 2429 31313113
458 2386 484 2426 v.
502 2365 558 2440 92;
581 2374 651 2446 3331
673 2367 782 2446 duplex
805 2387 923 2430 3331333
936 2388 963 2429 3.
982 2368 1018 2428 13
1033 2378 1063 2430 31
1083 2371 1118 2429 17
1136 2369 1236 2429 statim
1260 2386 1345 2430 ever-

195 2460 264 2530 3133
283 2467 370 2528 adest
391 2485 418 2526 3.
441 2463 491 2526 22.
536 2464 578 2525 113
603 2465 768 2543 duplicatur
795 2467 885 2528 celsae
906 2488 933 2529 3.
956 2471 994 2529 71
1018 2466 1119 2542 3188,
1141 2470 1232 2550 fideres
1253 2488 1280 2530 3.
1303 2470 1344 2530 55

196 2565 293 2642 3163,
315 2581 468 2644 perterrere
484 2582 509 2623 v.
526 2562 677 2636 663173,
701 2565 846 2626 demittere
868 2585 894 2626 v.
912 2566 951 2628 78
976 2567 1117 2629 3188-
1133 2584 1234 2629 nonne
1257 2586 1345 2629 voco·

196 2663 388 2742 bulo-aliquo
410 2662 537 2723 feliciter
558 2662 681 2724 1333313
704 2663 747 2742 113
767 2663 883 2741 gavisus
908 2684 973 2727 esse
988 2672 1075 2746 poeta
1098 2665 1213 2727 videtur
1236 2672 1344 2746 3133-

195 2781 264 2824 1331
295 2769 455 2822 3311133133
484 2762 577 2822 33331
603 2762 700 2840 333113
729 2761 843 2824 1331111
887 2764 984 2825 Verbo
1008 2783 1107 2845 cepere
1128 2764 1173 2825 bis
1197 2765 1293 2844 333113
1315 2771 1346 2826 31

196 2852 223 2922 v'.
240 2860 278 2922 67
298 2868 327 2921 31
343 2860 382 2921 65
400 2861 566 2922 3331331313
582 2867 685 2922 333113
700 2862 874 2942 scriptorem
890 2863 1036 2938 liberavit;
1053 2864 1089 2923 de
1104 2863 1230 2924 lectione
1245 2871 1345 2925 autem

197 2969 279 3039 cepte
305 2962 406 3019 timere
430 2958 626 3020 dubitandum
656 2976 718 3020 non
748 2968 812 3035 331,
846 2961 923 3022 dicta
956 2981 988 3023 ea
1022 2962 1155 3024 videlicet
1183 2970 1217 3022 ut
1245 2979 1346 3040 cepere

196 3062 283 3130 irum,
308 3059 428 3130 3313133,
452 3075 530 3136 spem
552 3057 669 3118 similia.
717 3051 902 3131 Contrebia,
925 3069 956 3121 31
979 3080 1005 3121 3.
1021 3059 1061 3123 83
1084 3069 1153 3121 313.
1171 3059 1221 3132 85,
1244 3060 1346 3123 adiec-

197 3157 293 3218 113331
316 3152 426 3217 medius
448 3158 605 3236 legendum
631 3176 695 3218 esse
717 3176 808 3237 33313
831 3157 1001 3220 dubitanter
1025 3159 1213 3221 coniecimus.
1252 3159 1344 3220 Video

197 3266 299 3318 tamen
333 3256 433 3334 plura:
469 3255 547 3316 sedes
574 3255 719 3334 profundi
750 3276 826 3335 quae
848 3264 919 3317 sunt
941 3276 967 3316 v.
995 3255 1035 3316 92
1059 3257 1346 3319 circumscribuntur

197 3375 224 3414 3.
240 3352 279 3414 83
303 3352 424 3413 vocibus
447 3354 524 3415 sedes
548 3361 588 3414 et
596 3356 793 3433 profundum,
820 3356 899 3416 velut
917 3356 1037 3435 palaque
1058 3374 1177 3435 quoque
1201 3376 1237 3417 ex
1259 3375 1286 3415 v.
1304 3356 1345 3417 83

197 3451 323 3534 11313131
345 3469 370 3510 3.
387 3449 437 3511 94.
474 3451 605 3513 Verbum
628 3456 762 3533 3333131
785 3454 899 3515 3111133
925 3472 1043 3514 versum
1069 3454 1126 3515 191
1152 3461 1256 3534 quater
1280 3473 1345 3517 cer·

198 3547 602 3638 311313.22.52.63.76;
625 3551 704 3612 13333
727 3559 804 3613 313.
827 3551 867 3612 85
891 3549 998 3627 3186;
1021 3554 1167 3615 113313.
1190 3552 1230 3615 56
1253 3553 1345 3615 3160

199 3648 364 3728 (praeterea
388 3645 456 3722 39);
475 3648 644 3727 pendentem
667 3658 696 3711 et
719 3670 744 3710 v.
762 3648 801 3710 35
819 3650 919 3724 3138;
942 3654 1037 3712 313333
1060 3659 1089 3712 31
1114 3650 1152 3712 13
1177 3652 1279 3728 31163
1302 3656 1345 3714 313

200 3753 229 3808 31
251 3745 332 3807 343
357 3752 386 3806 31
409 3746 449 3806 47
472 3746 557 3808 3156
581 3746 743 3826 (praeterea
766 3769 792 3809 v.
810 3746 829 3807 9
847 3748 960 3825 3176);
982 3757 1011 3811 31
1033 3750 1154 3830 quidem
1178 3755 1253 3812 eires
1275 3771 1344 3813 cum

198 3845 326 3926 genitivo
354 3843 490 3923 gerundii
517 3845 706 3924 coniungitur
737 3856 812 3908 313.
836 3845 875 3906 43
903 3847 1004 3908 3176.
1049 3847 1152 3909 Verbis
1187 3859 1217 3910 31
1244 3860 1346 3912 333113

199 3942 345 4005 sententia
370 3942 472 4022 incipit
499 3944 713 4006 33131118.
757 3944 864 4006 Fertur
885 3951 985 4006 autem
1008 3954 1038 4007 31
1061 3949 1188 4026 [erentes
1211 3949 1290 4028 quod
1313 3949 1345 4010 in

199 4061 262 4109 uno
287 4038 382 4103 metro
406 4050 567 4121 utrumque
584 4049 678 4104 exstat
700 4063 725 4104 v.
743 4044 794 4117 40,
818 4062 943 4105 acumen
967 4044 1023 4106 hoo
1044 4046 1143 4126 potius
1167 4066 1232 4108 3333
1254 4048 1346 4110 331311

199 4134 296 4220 33313.
340 4142 436 4221 Atque
462 4141 494 4201 in
516 4141 600 4221 copia
623 4142 782 4204 verborum
813 4143 870 4204 hoe
894 4144 981 4205 modo
1011 4145 1179 4223 castiganda
1207 4146 1276 4208 talia
1306 4165 1345 4208 ne

199 4236 383 4318 respeximus
399 4239 518 4319 quidem
536 4260 610 4321 quae
630 4241 729 4303 iterari
745 4261 792 4304 133
815 4241 943 4315 iubebat,
968 4244 1047 4304 velut
1061 4256 1140 4324 13133
1164 4245 1208 4305 331
1230 4254 1346 4324 terpora

201 4338 333 4416 septiens
357 4338 582 4417 scriptumest,
614 4341 694 4401 undo
717 4341 849 4417 sexiens,
876 4353 936 4404 rete
958 4351 1010 4415 ter,
1035 4352 1068 4405 ut
1091 4343 1223 4416 videtur,
1252 4344 1346 4405 caude

201 4435 315 4500 seriens
332 4435 507 4517 (etquidem
524 4436 704 4520 quinquiens
719 4439 797 4502 iuter
812 4442 952 4522 pauculos
968 4460 1071 4503 versus
1088 4440 1215 4522 5-38).
1241 4442 1344 4523 Neque
