2902 5040
690 306 910 370 ..54-

225 485 323 546 minus
352 492 437 546 caute
463 483 673 556 Quintilianus·
718 482 922 545 Certissimum
953 490 999 544 est
1026 485 1107 558 (nam
1133 483 1370 565 interpolationis

225 584 471 646 coniecturamct
482 583 614 645 Halmius
630 581 769 643 refutavit
784 581 986 658 Situungsber.
997 582 1024 641 d.
1034 581 1269 644 Muench.dead.
1288 582 1370 645 1866

225 703 253 762 p.
271 681 332 742 513
355 690 385 743 et
406 681 577 760 explicatius
598 681 744 742 Jordanus
764 679 796 740 iu
813 679 939 741 Hermae
955 679 994 738 Xl
1010 699 1037 760 p.
1055 679 1203 760 312sqq.)
1227 682 1371 742 oratoriae

224 784 269 843 rei
291 779 474 859 cognitorem
502 779 657 860 deceptum
688 779 812 857 indigne
841 796 906 839 esse
933 777 1097 840 adulterina
1124 779 1171 840 illa
1195 780 1316 841 Sallusti
1339 778 1371 840 in

226 880 396 943 Ciceronem
431 878 645 950 controversia3
679 878 762 939 cuius
797 893 857 938 non
885 877 982 937 solum
1013 876 1100 938 verba
1124 878 1246 939 advocat
1269 879 1317 955 (lv
1342 880 1371 951 1,

226 979 266 1041 68
290 987 320 1038 et
341 976 382 1038 lX
404 975 434 1051 3,
457 975 519 1054 89),
547 977 599 1037 sed
628 976 716 1038 etiam
749 984 832 1039 tanta
859 984 889 1037 et
917 976 1095 1037 confidentia
1125 984 1154 1039 et
1186 977 1371 1056 neglegentia

225 1078 361 1156 sequitur
384 1075 598 1148 auctoritatem,
622 1083 656 1136 ut
672 1074 821 1136 Ciceronis
843 1073 1010 1136 carminum
1032 1093 1096 1136 esse
1112 1074 1189 1136 dicat
1211 1094 1286 1154 quae
1307 1092 1372 1137 non

209 1163 289 1236 ¹esse
304 1174 442 1235 videntur
461 1171 513 1252 (Xl
532 1174 559 1246 1,
576 1172 634 1247 243
656 1175 693 1234 el.
709 1172 831 1235 Jordan,
848 1174 865 1234 l.
882 1173 900 1233 l.
917 1192 944 1252 p.
963 1173 1047 1253 315).
1081 1175 1143 1235 lam
1166 1174 1259 1253 magis
1281 1173 1372 1238 etiarn

225 1272 406 1347 Quintiliano
431 1271 514 1333 libris
536 1271 670 1351 plurimis
697 1273 846 1334 volutatus
869 1271 981 1333 Plinius
1006 1271 1084 1334 siin
1111 1272 1254 1352 cuiusque
1282 1271 1372 1333 libelli

225 1371 312 1432 iidem
337 1379 367 1431 et
388 1379 539 1432 auctorem
562 1371 710 1450 inquirere
734 1370 1011 1445 manumisisset,
1035 1388 1088 1450 pro
1112 1371 1293 1450 parsimonia
1316 1389 1370 1432 sua

225 1469 384 1549 temporis:
412 1469 509 1530 nullus
532 1469 605 1530 liber
627 1477 687 1530 tarn
711 1477 876 1548 suspectus,
907 1471 1109 1543 exclamasset,
1132 1476 1166 1531 ut
1189 1487 1251 1529 non
1273 1468 1371 1549 aliqua

225 1575 307 1646 parte
330 1567 435 1646 prosit3
463 1584 516 1628 cur
543 1585 611 1645 ergo
640 1564 871 1648 interpellabas?
902 1570 1004 1632 decem
1028 1567 1154 1648 amplius
1176 1586 1279 1628 versus
1302 1586 1373 1647 per-

226 1662 372 1726 didimus!

311 1765 348 1824 11
369 1781 439 1824 vero
460 1764 572 1825 cautius
596 1781 668 1826 sane
691 1773 721 1825 et
744 1765 981 1827 considerantius
1004 1765 1040 1825 de
1055 1762 1176 1825 Horatio
1199 1764 1295 1842 egisse
1317 1780 1372 1826 an-

226 1863 394 1942 tiquitatem
415 1861 508 1923 video.
553 1863 595 1924 lta
618 1863 655 1923 de
677 1881 713 1923 eo
737 1863 898 1924 Suetonius
922 1865 962 1944 (p.
981 1863 1153 1941 41111111
1178 1875 1318 1926 aeaeraat
1339 1867 1373 1925 ia

225 1979 330 2022 manus
344 1978 422 2021 meas
444 1971 471 2021 et
492 1959 564 2039 alepi
584 1959 639 2020 sul
660 1962 740 2023 titulo
764 1965 823 2022 aias
845 1971 871 2023 et
893 1961 1012 2041 epistola
1032 1978 1118 2041 prosu
1141 1965 1269 2024 oratione
1289 1966 1375 2043 quasi

225 2060 447 2120 commendantis
473 2077 502 2119 se
529 2058 696 2120 Maecenati.
744 2059 801 2121 Sed
830 2071 953 2140 atraque
983 2059 1063 2139 falsa
1088 2069 1173 2139 poto;
1203 2077 1272 2120 aaut
1303 2059 1376 2140 elegi

225 2157 368 2236 palpares,
392 2156 509 2236 epistola
530 2160 617 2218 etiam
638 2158 768 2229 obserere,
792 2177 847 2238 quo
869 2162 937 2220 vitio
952 2161 1067 2219 minime
1089 2159 1247 2220 teaebatar.
1281 2157 1371 2238 Atqui

225 2272 286 2315 non
307 2255 404 2317 solum
425 2255 581 2335 epistulam
609 2256 664 2317 sed
687 2256 766 2335 ipsos
784 2275 903 2336 quoque
926 2257 1022 2334 elegos
1045 2255 1138 2318 fuisse
1161 2257 1245 2334 quasi
1269 2275 1372 2319 com-

225 2354 442 2416 mendantis
465 2373 502 2415 se
525 2353 730 2416 Maecenati
752 2372 786 2415 re
808 2355 1000 2434 grammatica
1023 2355 1161 2439 eflicitur.
1194 2354 1259 2416 0111
1280 2355 1371 2434 igitur

225 2451 299 2530 elegi
313 2452 463 2513 subditicii
485 2471 520 2512 ex
537 2453 643 2513 eadem
667 2452 784 2514 officina
807 2451 890 2514 fuere
915 2453 993 2513 unde
1016 2460 1117 2513 nostra
1140 2471 1228 2532 quam
1244 2453 1370 2531 legimus

224 2550 350 2628 Elegia
373 2551 413 2611 ad
432 2550 678 2612 Maecenatem
702 2558 790 2630 atque
810 2550 898 2612 huius
915 2551 1024 2630 elegiae
1040 2551 1167 2630 scriptor
1188 2550 1280 2628 ipsius
1294 2549 1371 2611 Lolli

224 2647 385 2710 amicitiam
408 2648 541 2711 odiosam
556 2649 680 2712 iactatu.
696 2649 733 2709 10
755 2668 843 2729 quam
858 2649 994 2710 Horatius
1010 2667 1128 2729 quoque
1150 2648 1182 2709 in
1202 2649 1368 2711 carminum

224 2753 329 2826 quarto
351 2746 426 2807 libro
442 2747 594 2826 professus
617 2754 670 2808 cst.
708 2747 769 2808 lam
786 2756 919 2827 poemata
942 2746 1009 2808 talia
1031 2747 1095 2808 vide
1118 2766 1207 2827 quam
1232 2747 1314 2809 facile
1333 2747 1370 2808 ab

224 2844 347 2906 Horatio
359 2844 530 2922 dignoscere
540 2844 674 2906 Suetonii
687 2845 851 2908 debuerint.
875 2848 992 2925 Vosque
1005 2864 1074 2924 crgo
1087 2845 1238 2907 cessabitis
1250 2847 1370 2907 tandem

224 2943 260 3006 ad
290 2943 512 3005 exercitationes
539 2943 613 3005 istas
641 2943 778 3023 indignas
809 2953 839 3004 et
868 2963 935 3005 vere
965 2943 1098 3022 volgares
1129 2961 1290 3024 provocare
1318 2944 1370 3024 qui

223 3041 358 3120 ipsorum
382 3041 486 3103 Horati
511 3042 677 3104 carminum
706 3049 821 3122 partem
850 3050 902 3104 aut
928 3059 1065 3120 magnam
1097 3050 1148 3104 aut
1178 3042 1370 3103 minorema

225 3140 341 3201 simili
363 3138 480 3201 falsario
502 3139 575 3200 ariri
598 3140 732 3219 potuisse
754 3141 872 3203 firmare
895 3138 1056 3203 studeatis!

309 3238 394 3311 Quod
417 3245 516 3300 autem
540 3239 651 3300 Seneca
674 3238 868 3320 philosophus
883 3239 990 3301 Tibulli
1012 3225 1134 3301 carmen
1156 3256 1210 3319 pro
1226 3239 1370 3302 Ouidiano

223 3336 327 3418 legisse
355 3336 483 3412 videtur,
515 3356 564 3399 res
592 3355 716 3417 prorsus
744 3338 924 3400 incredibilis
953 3346 1007 3399 cst.
1052 3338 1174 3417 Legitur
1198 3339 1277 3419 apud
1300 3356 1370 3400 eum

223 3432 326 3496 Natur.
347 3435 465 3507 Quaest.
485 3436 523 3497 lv
546 3436 576 3506 2,
600 3436 637 3496 2:
669 3436 713 3512 (in
743 3436 887 3517 Aegypto)
915 3438 1038 3518 preinde
1066 3448 1117 3498 aut
1143 3436 1248 3499 sterilis
1275 3454 1371 3498 aneas

224 3543 275 3595 aut
296 3533 402 3614 fertilis
424 3543 473 3608 est,
493 3541 580 3613 preat
602 3534 650 3595 ille
665 3533 774 3613 (Nilus)
798 3554 919 3615 mapaos
940 3536 1061 3614 tallaait
1083 3545 1133 3596 aot
1151 3538 1278 3615 parcior.
1310 3534 1370 3597 Ne-

224 3651 271 3693 mo
292 3642 442 3694 aratorum
464 3632 585 3711 adspicit
606 3631 724 3694 caelum.
771 3633 870 3706 Qaare
890 3653 949 3695 aaa
973 3653 1037 3696 eam
1056 3644 1142 3714 poeta
1164 3635 1224 3695 meo
1245 3636 1372 3697 iaceret

116 3732 118 3736 ’
223 3729 270 3791 illi
291 3729 424 3791 Oetaeum
446 3749 531 3791 satem
553 3727 690 3810 inpingo?
712 3734 763 3811 qui
782 3735 838 3792 ait:

526 3848 578 3890 aee
598 3828 700 3891 Pluvia
722 3829 863 3909 supplicat
881 3830 970 3891 berla
989 3828 1059 3891 leel.

223 3925 319 3987 Locus
343 3926 450 4005 plenus
474 3945 617 3989 errorum.
664 3929 738 3988 Nam
760 3929 890 4007 primum
919 3945 1080 4007 quemnam
1110 3947 1235 4008 usquam
1259 3947 1371 4008 quaeso

223 4033 380 4104 poetarum
414 4025 525 4088 Seneca
554 4045 661 4088 suum
694 4034 811 4106 poetam
855 4027 919 4088 sine
947 4027 1070 4088 nomine
1103 4027 1200 4087 dicere
1230 4023 1371 4107 poterat?

224 4124 317 4184 Porro
340 4124 407 4203 quis
423 4123 546 4186 omnino
561 4125 618 4186 tuit
634 4126 681 4186 cui
704 4144 795 4187 suus
818 4126 941 4187 Ovidius
957 4125 1115 4206 impingi
1130 4122 1254 4204 posset?
1277 4125 1370 4186 Porro

224 4221 365 4301 quidnam
389 4221 512 4282 omnino
535 4222 611 4284 ioci
634 4223 711 4284 inest
731 4223 763 4285 in
786 4224 916 4286 ommino
939 4224 1106 4286 Tibulliano
1129 4225 1176 4285 17
1200 4224 1278 4303 quod
1301 4243 1372 4305 per·

225 4319 344 4398 stringit
373 4318 591 4402 philosophus?
627 4321 759 4402 Denique
782 4341 835 4384 cur
856 4323 908 4384 tali
930 4323 1161 4402 interrogatione
1182 4321 1252 4383 satis
1274 4323 1372 4385 adnn-

133 4461 139 4477 .
224 4415 308 4477 rabili
319 4417 419 4498 rumpi
432 4418 663 4498 disputationem
682 4418 870 4483 siritsuam‘l
892 4422 1020 4499 Legatur
1032 4420 1165 4482 Tibullus
1177 4423 1216 4539 (p.
1229 4417 1370 4502 23sqq.):

1200 4540 1216 4573 is
