2902 5040
705 288 926 351 ..46-

330 462 441 525 Tamen
465 464 501 524 de
524 481 610 523 versu
625 462 709 524 Ovidi
724 463 859 524 nondum
875 472 992 544 peracta
1013 484 1062 526 res
1086 464 1212 528 videtur.
1247 465 1390 545 Seriphos

244 563 360 642 plana
390 563 513 637 dicitur3
543 562 645 624 eadem
674 562 705 623 in
735 562 793 624 Ciri
820 563 908 623 etiam
936 564 1198 638 sementilera3
1224 574 1391 644 utrumque

244 663 423 741 permirum3
446 680 549 723 saxosa
572 645 652 722 enim
675 661 774 741 potius
798 661 893 723 insula
915 682 950 723 ac
975 663 1106 743 lapidosa
1129 664 1186 724 luit
1208 671 1284 725 teste
1306 665 1391 725 Stra-

244 761 321 822 bone
344 760 370 820 X
390 759 468 823 487:
500 755 584 821 οὕτω
608 755 642 821 δ’
674 759 744 821 ἐστὶ
772 758 941 842 πετρώδης
969 754 990 843 ἦ
1016 762 1116 844 νῆσος
1139 755 1217 834 circe
1239 756 1307 824 ὑπὸ
1331 761 1389 844 τῆς

245 855 408 940 Γοργόνος
429 859 525 921 τοῦτο
549 861 680 921 παθεῖν
701 854 802 942 αὐτήν
824 875 930 942 φασιν
957 856 990 921 oi
1020 858 1267 943 κωμῳδοῦντες,
1298 879 1391 941 quare

242 958 423 1038 interpretes
456 959 518 1020 fere
552 977 656 1019 omnes
689 960 806 1038 planam
842 978 907 1020 eam
941 960 1040 1039 inepte
1063 960 1121 1022 dici
1148 960 1390 1034 consentiebant3

242 1056 382 1117 Heinsius
401 1057 605 1136 acquiescebat
620 1066 721 1121 tamen
746 1059 777 1120 in
800 1059 856 1119 ista
870 1058 1004 1129 lectione,
1029 1075 1083 1136 ego
1099 1059 1246 1120 nonsatis
1263 1077 1389 1138 possum

243 1155 400 1236 sentioquc
431 1156 461 1215 id
484 1174 577 1217 unum
609 1158 687 1218 clare
717 1158 892 1237 ponendum
919 1166 1024 1236 poetae
1050 1158 1142 1219 luisse
1171 1176 1229 1237 quo
1259 1156 1389 1218 maximo

242 1254 338 1316 insula
372 1242 508 1335 quaeque
543 1265 780 1335 cognosceretur.
823 1259 921 1337 Atque
953 1256 984 1316 in
1009 1255 1068 1317 diri
1100 1257 1167 1336 quis
1199 1274 1261 1316 non
1295 1255 1389 1334 magis

243 1353 390 1432 Seriphon
402 1362 604 1432 exportaverat
615 1356 743 1417 sementi
764 1356 865 1417 orbam
882 1374 971 1435 quam
983 1352 1227 1417 sementiferam?
1239 1357 1320 1416 certe
1330 1351 1389 1415 διὰ

242 1448 279 1512 τὸ
296 1448 442 1533 σκληρῶς
458 1448 515 1533 ζῆν
527 1453 623 1515 insula
638 1454 670 1514 in
685 1454 874 1534 proverbium
889 1453 1001 1516 abierat
1024 1454 1185 1534 (Aristoph.
1200 1455 1237 1514 fr.
1254 1454 1316 1517 676
1330 1453 1388 1533 b).

242 1549 348 1610 Nescio
370 1558 471 1612 tamen
494 1570 567 1613 num
595 1553 752 1614 difficultas
782 1561 906 1633 utraque
935 1573 993 1616 una
1021 1554 1142 1616 tollatur
1167 1553 1387 1615 observatione.

242 1648 344 1710 Planta
365 1649 424 1710 fuit
446 1651 582 1731 σέριφος
613 1660 725 1712 vocata.
769 1652 830 1714 lam
858 1671 926 1713 vero
954 1671 1071 1714 summa
1101 1653 1199 1732 specie
1225 1653 1288 1713 veri
1315 1654 1390 1715 baec

242 1746 406 1808 Loheclrius
428 1750 548 1828 scripsit
570 1749 704 1828 Prolegg.
721 1770 749 1830 p.
766 1749 828 1812 294
851 1752 980 1813 vocalem
1004 1752 1014 1810 i
1035 1751 1154 1831 longam
1180 1750 1273 1812 luisse
1297 1752 1388 1814 etiam

240 1845 271 1906 in
295 1847 406 1908 herbae
427 1849 549 1910 nomine
571 1848 768 1928 probaturus:
793 1851 956 1932 ,πέριῳος
971 1849 1031 1910 sive
1055 1851 1194 1932 σέριφον
1208 1850 1302 1911 herba
1316 1895 1322 1911 .
1336 1895 1344 1910 .
1359 1895 1388 1912 ..

242 1945 307 2006 sine
330 1947 418 2008 dubio
441 1947 476 2008 ab
500 1948 596 2009 insula
618 1967 730 2010 nomen
752 1948 840 2011 babet
865 1958 896 2009 nt
920 1949 1016 2009 buxus
1039 1948 1094 2026 (sc.
1119 1945 1228 2021 Ποξος
1245 1946 1389 2024 Πνξοῦς)

242 2053 272 2106 et
293 2045 449 2124 thapsus“.
494 2048 634 2110 Conferas
657 2048 746 2110 etiam
769 2047 976 2126 JosepbiBell.
993 2048 1056 2108 lud.
1073 2048 1166 2117 Villi,
1184 2047 1217 2108 3:
1247 2045 1389 2129 Βαάρας

242 2137 438 2223 ὀνομάζεταί
460 2168 511 2218 τις
531 2144 636 2218 τόπος
658 2144 736 2229 φύει
758 2169 793 2207 τε
815 2142 909 2229 ῥίζαν
937 2141 1104 2226 ὁμονύνως
1125 2144 1304 2228 λεγομένην
1327 2140 1389 2207 αὐ-

240 2243 296 2323 τῷ.
334 2243 411 2315 Quid
431 2241 546 2304 multa?
578 2245 705 2307 Herham
733 2246 871 2326 σέριφον
895 2245 989 2306 insula
1011 2245 1078 2325 quia
1098 2244 1213 2307 ferebat
1238 2263 1389 2306 somen-

241 2341 354 2402 tifera
377 2350 483 2420 poetae
506 2342 658 2415 audiebat,
688 2363 746 2424 quo
777 2345 921 2405 sementis
948 2344 1069 2405 nominc
1093 2345 1220 2406 fortasse
1241 2352 1389 2424 tanquam

241 2439 278 2500 ad
301 2442 455 2502 serendi
483 2441 604 2502 verbum
634 2441 803 2521 pertinente
830 2460 968 2520 graecum
993 2461 1100 2504 sonum
1124 2442 1180 2522 (cl.
1205 2444 1312 2525 σέρις)
1335 2463 1389 2504 ex-

242 2538 373 2617 primere
388 2539 550 2601 videbatur.
580 2541 666 2613 Quod
682 2541 706 2600 si
727 2559 830 2601 verum
846 2548 901 2613 est,
925 2541 950 2602 si
971 2541 1136 2603 insularum
1152 2541 1253 2620 copiae
1269 2541 1389 2603 utrius-

240 2656 299 2716 que
326 2638 472 2717 reputaris
498 2639 737 2712 similitudinem,
765 2658 800 2700 eo
826 2639 965 2702 devenies
993 2640 1025 2701 ni
1046 2641 1131 2702 lallor
1153 2647 1188 2702 ut
1210 2640 1389 2703 Ouidianum

241 2736 321 2798 bunc
343 2755 462 2799 versum
484 2738 646 2799 rescribas:

383 2836 613 2918 Florentemque
635 2845 700 2917 tyro
724 2837 861 2917 Cythnon
882 2837 1041 2916 plantaque
1063 2837 1218 2917 Seriphon

792 3092 837 3154 lV.

324 3234 385 3294 lam
409 3252 478 3294 vero
501 3233 635 3312 quaestio
658 3252 693 3293 eo
714 3231 809 3310 vergit
830 3237 864 3292 ut
886 3231 998 3291 Plinius
1020 3231 1090 3292 viris
1113 3231 1294 3308 gravissimis
1317 3249 1390 3310 gra·

123 3328 126 3332 ’
223 3331 379 3393 sissimus
403 3332 484 3393 visus
508 3340 611 3392 auctor
634 3350 706 3392 num
727 3330 763 3391 de
786 3329 890 3390 Ouidio
907 3329 1089 3390 Halieuticon
1114 3331 1259 3409 scriptore
1284 3347 1388 3390 errare

239 3430 369 3508 potuerit
392 3439 570 3492 scrutemur.
615 3429 700 3501 Quod
724 3438 825 3489 tamen
847 3428 949 3506 paucis
972 3428 1081 3489 absolvi
1104 3435 1210 3507 potest
1258 3428 1387 3507 Scripsit

238 3528 287 3587 ille
311 3527 417 3588 XXXll
442 3528 501 3587 152
527 3528 611 3589 linito
635 3544 740 3605 magno
763 3526 889 3605 piscium
919 3527 1065 3604 catalogo:
1096 3525 1149 3587 His
1171 3528 1326 3588 adimemus
1350 3527 1396 3588 ab»

241 3625 341 3687 Ouidio
365 3631 460 3705 posita
483 3627 601 3687 nomina
629 3644 701 3706 quoe
730 3626 808 3705 apud
834 3627 975 3686 uemiucm
1004 3625 1095 3685 elium
1122 3628 1310 3705 reperiuntur
1337 3625 1389 3687 sed

237 3724 370 3803 fortassis
391 3729 423 3785 iu
445 3724 533 3786 Pouto
554 3728 715 3793 pesecutio,
743 3725 795 3784 ubi
819 3721 850 3783 id
878 3724 1010 3784 volumen
1032 3727 1171 3802 supremis
1192 3727 1253 3784 suis
1275 3733 1387 3803 tempo-

238 3823 319 3883 ribus
340 3823 497 3893 iucodum‘t,
526 3822 623 3884 bovem
646 3840 794 3900 cercyrum
816 3841 878 3901 eqs·
923 3822 1086 3900 Corruptus
1105 3822 1205 3896 locus;
1234 3839 1306 3883 nam
1330 3840 1387 3883 uo-

240 3925 320 3982 miuo
341 3927 487 3983 uuscmtia
509 3921 690 3996 absurdum3
718 3919 807 3996 igitur
829 3920 973 3998 Hauptius
1001 3924 1193 3993 mosomuium3
1222 3919 1387 3983 durissime

240 4021 444 4097 mehercule,
473 4028 561 4100 atque
584 4021 656 4081 adeo
679 4020 710 4081 ni
734 4019 851 4097 egregie
873 4018 959 4079 fallor
987 4027 1165 4091 nonrecte3
1192 4018 1275 4097 pergi
1304 4018 1386 4079 enim

240 4119 379 4199 deinceps
405 4118 546 4181 debebat:
577 4120 669 4188 bovis,
699 4122 810 4196 cercyri
829 4136 890 4196 eqs.
934 4117 1047 4179 Plinius
1076 4117 1231 4195 scripsisse
1251 4117 1386 4180 videtur:

239 4217 274 4279 ab
292 4218 395 4279 Ouidio
413 4222 507 4296 posita
528 4216 669 4278 animalia
685 4262 691 4277 .
708 4261 716 4276 .
733 4262 740 4276 .
756 4221 788 4277 iu
802 4216 892 4277 Pouto
913 4220 1067 4285 nascentia,
1090 4216 1172 4275 velut
1195 4215 1274 4276 idem
1297 4225 1387 4278 antea

238 4316 349 4389 §142:
372 4335 431 4378 mou
453 4315 579 4377 alimum
600 4316 714 4376 oi‘dctur
735 4316 863 4376 iudicare
881 4333 935 4393 per
957 4324 996 4375 tot
1017 4317 1112 4375 meria
1128 4359 1135 4374 .
1152 4359 1160 4374 .
1178 4356 1185 4374 .
1201 4333 1275 4393 quoe
1297 4316 1386 4376 iutel-

241 4414 374 4495 lepamur
388 4416 542 4478 amimalia.
554 4459 576 4474 ..
598 4433 684 4495 ecque
699 4417 865 4476 uomiuetim
882 4413 1032 4492 complecti,
1053 4412 1104 4473 ubi
1124 4412 1225 4474 nescio
1240 4431 1315 4475 num
1332 4434 1387 4476 er.-
