2902 5040
617 306 834 412 -8’4-

157 485 299 568 pisciculo
324 485 447 565 legimus
473 518 515 527 -
542 490 592 546 aut
618 502 741 565 prorsus
768 482 895 546 absurde
920 483 977 547 hoc
997 481 1110 544 dictum
1130 489 1175 543 est
1203 481 1239 542 de
1266 500 1304 542 eo

157 604 248 667 quem
263 585 373 648 scimus
388 582 514 646 audiisse
534 580 593 644 τὸν
608 576 913 665 πολυγραφώτατον
934 588 985 644 aut
1000 581 1040 644 ita
1056 587 1089 642 ut
1103 578 1304 660 supplendum

160 691 240 746 esset
271 682 426 762 cogitando
458 676 478 743 ot
507 681 572 743 τῶν
604 678 734 760 ίχδόων
764 681 811 742 v'el
840 675 860 743 ot
888 678 953 744 τάν
985 674 1076 764 ζήων
1105 673 1240 742 πάντων
1268 675 1306 740 τό

159 780 318 843 πλεῖστον
333 772 542 851 ἐξαναλώσας
558 797 619 858 eqs.
634 813 677 822 —-
692 786 722 840 et
737 778 858 858 quidem
878 779 974 858 pisces
996 776 1075 840 iuter
1093 777 1150 838 ista
1170 775 1306 838 animalia

157 881 256 960 plures
276 877 406 941 adfuisse
429 875 513 938 facile
529 876 564 937 ad
581 876 763 938 credendum
779 885 833 939 est.
870 876 983 938 Eodem
998 875 1028 937 id
1044 876 1154 936 ducere
1170 875 1307 938 videatur

159 980 238 1059 quod
262 978 352 1040 etiam
367 976 512 1040 omissum
528 994 543 1038 a
559 975 722 1056 Chrysippo
738 976 848 1055 piscem
865 994 930 1037 esse
947 973 1074 1055 scriptor
1094 980 1206 1036 monet
1243 973 1307 1038 lam

157 1078 288 1159 primum
322 1095 358 1138 eo
388 1074 526 1156 pellimur
552 1082 585 1136 ut
612 1074 742 1156 Oppiani
773 1075 863 1137 etiam
892 1075 929 1136 de
958 1074 1095 1156 pinotera
1124 1091 1306 1137 consensum

160 1193 352 1256 quaeramus3
386 1174 437 1254 qui
464 1191 629 1238 consensus
656 1174 724 1256 quia
751 1176 844 1236 latere
873 1192 936 1236 non
965 1174 1077 1255 poterit
1106 1172 1196 1236 verba
1224 1171 1307 1236 nuda

159 1276 305 1355 adponam
330 1280 360 1334 et
383 1273 549 1336 Plutarchi:

261 1391 356 1481 ὃμὲν
372 1391 430 1463 οὖν
451 1392 680 1481 πινοτήρας
703 1394 785 1482 ζῷόν
805 1395 876 1460 ἐστι
897 1395 1147 1482 καρκινῶδες
1163 1390 1308 1481 alapam

261 1496 316 1559 καὶ
342 1497 382 1585 τή
404 1499 484 1579 πίνη
506 1489 652 1570 σύνεστι,
680 1491 737 1558 καὶ
763 1493 1036 1579 πυλωρεττήν
1058 1489 1207 1578 κόγχην
1223 1516 1309 1579 προ-

259 1590 466 1677 καθήμενος,
505 1591 568 1656 ἔων
599 1584 809 1676 ἀνεῳγμένην
837 1589 894 1656 καὶ
923 1589 1176 1676 διακεχηνυῖαν,
1214 1589 1309 1676 ἄχρι

261 1692 469 1775 προςπέση
495 1691 625 1753 τιτῶν
645 1683 828 1774 άλωσίμων
848 1687 962 1765 αὐτοῖς
984 1690 1209 1771 ἰχθυδίων·
1235 1689 1311 1755 τότε

261 1787 299 1851 δὲ
324 1788 392 1872 τήν
418 1784 553 1871 σάρκα
576 1789 645 1872 τής
671 1792 794 1873 πίνης
818 1789 951 1853 δακών
972 1789 1210 1873 παροιςήλθεν,
1230 1785 1253 1872 ή
1271 1789 1311 1854 δὲ

262 1885 502 1951 συνέκλεισε
530 1885 600 1970 τήν
630 1885 782 1967 κόγχην
815 1888 881 1951 καὶ
912 1889 1054 1962 κοινοῖς
1082 1888 1152 1972 τήν
1181 1885 1311 1975 ἄγραν

190 2005 192 2009 ’
262 1984 371 2060 ε’ντὸς
394 1988 539 2070 ἕρκους
561 1989 783 2069 γενομένην
805 1989 1089 2051 κατεσθίουσι.
1213 1980 1216 1985 ’

164 2124 194 2176 et
217 2113 343 2202 Oppiani
360 2115 384 2176 ll
399 2133 426 2174 v.
445 2112 504 2176 189
520 2132 600 2194 sqq.:

256 2223 437 2310 ’Όστρακον
458 2246 500 2288 αυ
523 2225 648 2307 βυθίας
670 2222 731 2307 μὲν
753 2222 820 2305 ἔχει
843 2223 987 2302 πλάκας,
1011 2224 1047 2288 ἑν
1068 2224 1108 2288 δέ
1128 2220 1161 2289 οἳ
1186 2224 1286 2305 ἰχθυς

263 2327 385 2407 πίννη
410 2320 557 2387 ναιετάει
580 2321 788 2405 κεκλημένος·
819 2319 840 2408 ή
862 2322 922 2407 μὲν
944 2320 1166 2400 ἄναλκις...

261 2414 334 2484 ἀλλ’
357 2418 422 2506 ἄρα
445 2417 477 2485 οἳ
502 2416 623 2492 ξυνόν
649 2443 689 2482 τε
720 2417 848 2502 δόμον
871 2420 994 2505 ξυνήν
1015 2445 1056 2485 τε
1077 2419 1310 2521 καλύπτρην

153 2606 155 2609 v
262 2514 448 2602 καρκίνος
471 2515 639 2593 ἐνναίει,
663 2520 779 2602 φέρβει
803 2518 842 2583 δέ
862 2542 922 2601 μιν
944 2516 1002 2604 ήδὲ
1024 2516 1199 2606 φυλάσσει.
1300 2600 1303 2605 ¹

262 2618 307 2703 τῷ
341 2615 396 2680 καὶ
431 2613 690 2702 πιννοφόλαξ
722 2617 773 2694 (ita
807 2619 896 2702 piscis
929 2621 1050 2701 dactylis
1085 2608 1309 2701 accomodatur)

638 2709 835 2799 κικλήηεται.
879 2712 951 2783 ἀλλ’
976 2713 1039 2783 ὅτε
1061 2716 1207 2799 κόχλου

263 2811 361 2892 ίχδύς
383 2809 478 2876 ἔνδον
501 2817 624 2896 ἵκηται,
649 2810 669 2876 o‘
691 2807 723 2878 δ’
742 2809 786 2877 ὀὔ
810 2819 1017 2901 φρονέουσαν
1038 2812 1118 2900 άμό
1126 2816 1194 2890 ξας
1299 2806 1303 2817 ’

261 2903 437 2995 δήγματι
461 2907 622 2996 κερδαλέῳ
646 2916 766 2997 πίννην
789 2911 874 2979 έλεν·
908 2911 929 2998 ή
952 2911 983 2979 δ’
1006 2911 1165 3000 όδόνησιν

262 3008 437 3095 ὄστρακα
465 3009 790 3097 συμπλατάγησε
817 3012 884 3076 καὶ
907 3001 1080 3078 ἔνδοθεν
1109 3008 1309 3100 ἐφράσατ’

1080 3109 1208 3196 ἄνουν

262 3201 359 3296 αότή
380 3202 410 3269 τ’
434 3202 495 3290 ἧδ’
513 3202 658 3293 ἑτάρῳ,
676 3205 852 3280 ξυνόνθ’
870 3203 950 3293 άμα
966 3207 1308 3303 δείπνονὲλοντο.

162 3335 271 3399 Contra
295 3329 531 3419 ‹taroyycrp‘poo›¹
546 3334 712 3398 Aristotelis
739 3336 870 3399 abfuisse
895 3356 912 3399 a
939 3337 1102 3421 Chrysippo
1129 3338 1309 3401 Plutarchus

161 3439 300 3498 testatur:
345 3450 383 3495 an
419 3432 476 3496 hoo
512 3433 591 3496 dices
621 3433 713 3496 fuisse
744 3454 796 3498 cur
826 3436 913 3498 etiam
944 3436 980 3498 ab
1011 3437 1144 3518 Oppiano
1174 3445 1310 3519 praeter-

162 3530 355 3596 mitteretur?
381 3532 455 3595 lliro
482 3533 572 3596 modo
596 3533 708 3598 factum
729 3542 775 3598 est
790 3544 824 3598 ut
843 3536 928 3599 nobis
951 3555 1070 3618 quoque
1090 3537 1241 3618 pinoteras
1257 3536 1311 3599 ab·

96 3640 98 3643 ’
162 3652 280 3696 sumere
305 3632 468 3716 plurimum
495 3634 653 3697 atramenti
679 3635 808 3697 deberet.
854 3635 997 3699 Novimus
1022 3636 1131 3700 librum
1158 3635 1310 3703 exturba

162 3732 412 3814 Chrysippcorum
425 3731 475 3814 qui
490 3731 624 3814 pisciculi
647 3733 833 3796 mentionem
860 3735 1064 3798 continuerint
1084 3734 1188 3801 saltem
1203 3751 1310 3808 unum,

162 3831 298 3916 quintum
324 3831 433 3893 librum
459 3828 537 3913 περὶ
563 3829 622 3891 τοῦ
647 3829 751 3893 καλοῦ
778 3830 834 3894 καί
861 3831 916 3916 τής
942 3828 1072 3916 ἡδονῆς.
1102 3831 1197 3894 ·Ηεοο
1227 3831 1310 3895 enim

161 3931 331 3993 Athenaeus
346 3949 375 4010 p.
392 3928 470 3991 891)
494 3936 655 4010 postquam
681 3930 826 4011 Pamphili
852 3930 1096 3992 commemorarit
1121 3931 1158 3991 de
1183 3929 1253 4009 pina
1281 3937 1312 3993 et

162 4031 354 4113 pinophylace
369 4029 565 4098 sententiam:

263 4134 468 4225 Χρύσιππος
491 4134 524 4203 δ’
548 4135 707 4213 όΣολοός
730 4138 766 4205 ἐν
789 4141 835 4226 τῷ
862 4143 1004 4224 πέμπτῳ
1028 4139 1186 4223 περὶτοῦ
1208 4139 1312 4205 καλοῦ

262 4239 392 4323 καὶτῆς
414 4235 567 4322 ήδονήςή
590 4241 705 4322 πίνη,
729 4244 823 4324 φησί,
853 4239 922 4301 καὶ
949 4234 968 4303 δ
991 4235 1213 4322 πινοτήρης
1238 4257 1311 4305 συ-

151 4405 154 4416 ,
262 4340 384 4424 νεργά
410 4334 618 4420 ἀλλήλοις,
647 4332 719 4402 κατ’
748 4339 841 4403 tutas
863 4332 903 4402 οδ
925 4338 1092 4422 δυνάμενα
1121 4342 1310 4423 συμμένειν.

263 4432 578 4520 tolosipetas
612 4433 783 4521 ὄστρεόν
809 4436 912 4513 ἔστιν,
947 4433 965 4501 δ
1000 4435 1047 4499 δὲ
1079 4433 1312 4522 πινοτήρης
