<?xml version="1.0" encoding="UTF-8"?>
<!DOCTYPE html PUBLIC "-//W3C//DTD XHTML 1.0 Transitional//EN"
    "http://www.w3.org/TR/xhtml1/DTD/xhtml1-transitional.dtd">
<html xmlns="http://www.w3.org/1999/xhtml" xml:lang="en" lang="en">
 <head>
  <title>
</title>
<meta http-equiv="Content-Type" content="text/html;charset=utf-8" />
  <meta name='ocr-system' content='tesseract 3.04.00' />
  <meta name='ocr-capabilities' content='ocr_page ocr_carea ocr_par ocr_line ocrx_word'/>
</head>
<body>
  <div class='ocr_page' id='page_1' title='image "./dehalieuticisov00birtgoog_0179.png"; bbox 0 0 2902 5040; ppageno 0'>
   <div class='ocr_carea' id='block_1_1' title="bbox 562 307 803 373">
    <p class='ocr_par' dir='ltr' id='par_1_1' title="bbox 562 307 803 373">
     <span class='ocr_line' id='line_1_1' title="bbox 562 307 803 373; baseline -0.004 0"><span class='ocrx_word' id='word_1_1' title='bbox 562 307 803 373; x_wconf 46' lang='lat'><strong>*133-</strong></span> 
     </span>
    </p>
   </div>
   <div class='ocr_carea' id='block_1_2' title="bbox 105 482 1321 1658">
    <p class='ocr_par' dir='ltr' id='par_1_2' title="bbox 105 482 1321 1658">
     <span class='ocr_line' id='line_1_2' title="bbox 110 482 1250 570; baseline -0.004 -18"><span class='ocrx_word' id='word_1_2' title='bbox 110 489 318 570; x_wconf 79' lang='lat' dir='ltr'><strong>Cbrysippeam</strong></span> <span class='ocrx_word' id='word_1_3' title='bbox 346 488 382 549; x_wconf 91' lang='lat' dir='ltr'><strong>de</strong></span> <span class='ocrx_word' id='word_1_4' title='bbox 406 487 530 550; x_wconf 87' lang='lat' dir='ltr'><strong>anthia</strong></span> <span class='ocrx_word' id='word_1_5' title='bbox 552 485 680 548; x_wconf 77' lang='lat' dir='ltr'><strong>fabulam</strong></span> <span class='ocrx_word' id='word_1_6' title='bbox 704 501 872 566; x_wconf 88' lang='lat' dir='ltr'><strong>comparere</strong></span> <span class='ocrx_word' id='word_1_7' title='bbox 896 482 992 558; x_wconf 65' lang='lat'>§182</span> <span class='ocrx_word' id='word_1_8' title='bbox 1015 483 1250 547; x_wconf 76' lang='lat' dir='ltr'><strong>redundantibus</strong></span> 
     </span>
     <span class='ocr_line' id='line_1_3' title="bbox 109 583 1250 670; baseline -0.004 -19"><span class='ocrx_word' id='word_1_9' title='bbox 109 587 242 670; x_wconf 84' lang='lat' dir='ltr'><strong>pauculis</strong></span> <span class='ocrx_word' id='word_1_10' title='bbox 262 585 373 648; x_wconf 86' lang='lat' dir='ltr'><strong>verbis:</strong></span> <span class='ocrx_word' id='word_1_11' title='bbox 399 604 432 648; x_wconf 89' lang='lat' dir='ltr'><strong>ee</strong></span> <span class='ocrx_word' id='word_1_12' title='bbox 454 588 504 665; x_wconf 88' lang='grc' dir='ltr'><strong>ηιιιΙ</strong></span> <span class='ocrx_word' id='word_1_13' title='bbox 522 593 652 648; x_wconf 81' lang='lat' dir='ltr'><strong>teneatur</strong></span> <span class='ocrx_word' id='word_1_14' title='bbox 673 583 839 646; x_wconf 72' lang='lat' dir='ltr'><strong>extendente</strong></span> <span class='ocrx_word' id='word_1_15' title='bbox 864 593 897 644; x_wconf 86' lang='lat' dir='ltr'><strong>ot</strong></span> <span class='ocrx_word' id='word_1_16' title='bbox 920 583 1050 663; x_wconf 81' lang='lat' dir='ltr'><strong>proecidr&#39;</strong></span> <span class='ocrx_word' id='word_1_17' title='bbox 1070 585 1172 662; x_wconf 56' lang='lat' dir='ltr'><strong>possib·</strong></span> <span class='ocrx_word' id='word_1_18' title='bbox 1199 584 1250 646; x_wconf 90' lang='lat' dir='ltr'><strong>sed</strong></span> 
     </span>
     <span class='ocr_line' id='line_1_4' title="bbox 110 680 1321 767; baseline -0.003 -19"><span class='ocrx_word' id='word_1_19' title='bbox 110 687 189 767; x_wconf 93' lang='lat' dir='ltr'><strong>quod</strong></span> <span class='ocrx_word' id='word_1_20' title='bbox 204 685 348 766; x_wconf 89' lang='lat' dir='ltr'><strong>sequitur,</strong></span> <span class='ocrx_word' id='word_1_21' title='bbox 369 701 514 762; x_wconf 82' lang='lat' dir='ltr'><strong>sargum</strong></span> <span class='ocrx_word' id='word_1_22' title='bbox 531 681 658 744; x_wconf 83' lang='lat' dir='ltr'><strong>sibama</strong></span> <span class='ocrx_word' id='word_1_23' title='bbox 673 689 811 744; x_wconf 88' lang='lat' dir='ltr'><strong>teneatur</strong></span> <span class='ocrx_word' id='word_1_24' title='bbox 826 680 936 743; x_wconf 92' lang='lat' dir='ltr'><strong>lineam</strong></span> <span class='ocrx_word' id='word_1_25' title='bbox 951 687 1048 743; x_wconf 89' lang='lat' dir='ltr'><strong>terere</strong></span> <span class='ocrx_word' id='word_1_26' title='bbox 1062 681 1098 743; x_wconf 87' lang='lat' dir='ltr'><strong>ad</strong></span> <span class='ocrx_word' id='word_1_27' title='bbox 1113 682 1251 761; x_wconf 88' lang='lat' dir='ltr'><strong>scopulos</strong></span> <span class='ocrx_word' id='word_1_28' title='bbox 1320 739 1321 744; x_wconf 73' lang='grc'>,</span> 
     </span>
     <span class='ocr_line' id='line_1_5' title="bbox 109 779 1251 866; baseline -0.002 -19"><span class='ocrx_word' id='word_1_29' title='bbox 109 823 151 834; x_wconf 87' lang='lat'>-</span> <span class='ocrx_word' id='word_1_30' title='bbox 180 803 240 866; x_wconf 90' lang='lat' dir='ltr'><strong>qoa</strong></span> <span class='ocrx_word' id='word_1_31' title='bbox 271 785 313 851; x_wconf 72' lang='lat' dir='ltr'><strong>,de</strong></span> <span class='ocrx_word' id='word_1_32' title='bbox 349 800 436 846; x_wconf 87' lang='lat' dir='ltr'><strong>causa</strong></span> <span class='ocrx_word' id='word_1_33' title='bbox 472 781 637 844; x_wconf 84' lang='lat' dir='ltr'><strong>Numenius</strong></span> <span class='ocrx_word' id='word_1_34' title='bbox 674 789 763 861; x_wconf 91' lang='lat' dir='ltr'><strong>poeta</strong></span> <span class='ocrx_word' id='word_1_35' title='bbox 795 780 827 841; x_wconf 92' lang='lat' dir='ltr'><strong>in</strong></span> <span class='ocrx_word' id='word_1_36' title='bbox 861 781 897 842; x_wconf 81' lang='lat' dir='ltr'><strong>fr.</strong></span> <span class='ocrx_word' id='word_1_37' title='bbox 920 779 998 845; x_wconf 86' lang='lat' dir='ltr'><strong>xvll</strong></span> <span class='ocrx_word' id='word_1_38' title='bbox 1033 799 1103 844; x_wconf 91' lang='lat' dir='ltr'><strong>eum</strong></span> <span class='ocrx_word' id='word_1_39' title='bbox 1139 781 1251 844; x_wconf 89' lang='lat' dir='ltr'><strong>vocarit</strong></span> 
     </span>
     <span class='ocr_line' id='line_1_6' title="bbox 109 873 1250 965; baseline -0.002 -21"><span class='ocrx_word' id='word_1_40' title='bbox 109 878 227 944; x_wconf 85' lang='grc' dir='ltr'><strong><em>ἄλλοτε</em></strong></span> <span class='ocrx_word' id='word_1_41' title='bbox 241 878 324 965; x_wconf 82' lang='grc' dir='ltr'><strong><em>ἄλλη</em></strong></span> <span class='ocrx_word' id='word_1_42' title='bbox 340 877 557 943; x_wconf 66' lang='grc' dir='ltr'><strong><em>ἐπικέλσοντα</em></strong></span> <span class='ocrx_word' id='word_1_43' title='bbox 571 876 872 963; x_wconf 74' lang='grc' dir='ltr'><strong><em>λινοπληγέστατον</em></strong></span> <span class='ocrx_word' id='word_1_44' title='bbox 895 873 995 958; x_wconf 74' lang='grc' dir='ltr'><strong><em>ἰχθύν</em></strong></span> <span class='ocrx_word' id='word_1_45' title='bbox 1009 914 1050 924; x_wconf 95' lang='lat'><em>-</em></span> <span class='ocrx_word' id='word_1_46' title='bbox 1064 878 1165 959; x_wconf 78' lang='lat' dir='ltr'><strong>ignota</strong></span> <span class='ocrx_word' id='word_1_47' title='bbox 1178 879 1250 943; x_wconf 88' lang='lat' dir='ltr'><strong>reli-</strong></span> 
     </span>
     <span class='ocr_line' id='line_1_7' title="bbox 109 976 1249 1061; baseline -0.004 -18"><span class='ocrx_word' id='word_1_48' title='bbox 109 982 177 1061; x_wconf 89' lang='lat' dir='ltr'><strong>quis</strong></span> <span class='ocrx_word' id='word_1_49' title='bbox 192 982 265 1042; x_wconf 88' lang='lat' dir='ltr'><strong>haec</strong></span> <span class='ocrx_word' id='word_1_50' title='bbox 280 999 328 1042; x_wconf 81' lang='lat' dir='ltr'><strong>res</strong></span> <span class='ocrx_word' id='word_1_51' title='bbox 344 979 478 1052; x_wconf 66' lang='lat' dir='ltr'><strong>videtum</strong></span> <span class='ocrx_word' id='word_1_52' title='bbox 498 979 570 1041; x_wconf 90' lang='lat' dir='ltr'><strong>item</strong></span> <span class='ocrx_word' id='word_1_53' title='bbox 586 980 623 1041; x_wconf 91' lang='lat' dir='ltr'><strong>de</strong></span> <span class='ocrx_word' id='word_1_54' title='bbox 637 979 752 1042; x_wconf 89' lang='lat' dir='ltr'><strong>stella</strong></span> <span class='ocrx_word' id='word_1_55' title='bbox 769 978 942 1053; x_wconf 62' lang='lat' dir='ltr'><strong>namnet</strong></span> <span class='ocrx_word' id='word_1_56' title='bbox 959 976 1028 1053; x_wconf 85' lang='lat'><strong>183,</strong></span> <span class='ocrx_word' id='word_1_57' title='bbox 1044 996 1111 1049; x_wconf 88' lang='lat' dir='ltr'><strong>cum</strong></span> <span class='ocrx_word' id='word_1_58' title='bbox 1126 995 1249 1058; x_wconf 89' lang='lat' dir='ltr'><strong>prorsus</strong></span> 
     </span>
     <span class='ocr_line' id='line_1_8' title="bbox 108 1077 1249 1160; baseline -0.004 -17"><span class='ocrx_word' id='word_1_59' title='bbox 108 1081 224 1143; x_wconf 85' lang='lat' dir='ltr'><strong>diversa</strong></span> <span class='ocrx_word' id='word_1_60' title='bbox 239 1079 391 1160; x_wconf 76' lang='lat' dir='ltr'><strong>Oppianus</strong></span> <span class='ocrx_word' id='word_1_61' title='bbox 407 1078 514 1141; x_wconf 88' lang='lat' dir='ltr'><strong>habeat</strong></span> <span class='ocrx_word' id='word_1_62' title='bbox 527 1079 554 1140; x_wconf 98' lang='lat' dir='ltr'><strong>ll</strong></span> <span class='ocrx_word' id='word_1_63' title='bbox 574 1077 643 1154; x_wconf 89' lang='grc'>182,</span> <span class='ocrx_word' id='word_1_64' title='bbox 663 1079 700 1140; x_wconf 92' lang='lat' dir='ltr'><strong>ad</strong></span> <span class='ocrx_word' id='word_1_65' title='bbox 717 1078 843 1141; x_wconf 88' lang='lat' dir='ltr'><strong>verbum</strong></span> <span class='ocrx_word' id='word_1_66' title='bbox 858 1096 952 1157; x_wconf 91' lang='lat' dir='ltr'><strong>usque</strong></span> <span class='ocrx_word' id='word_1_67' title='bbox 973 1077 1120 1141; x_wconf 85' lang='lat' dir='ltr'><strong>consentit</strong></span> <span class='ocrx_word' id='word_1_68' title='bbox 1135 1077 1249 1140; x_wconf 79' lang='lat' dir='ltr'><strong>Aristo·</strong></span> 
     </span>
     <span class='ocr_line' id='line_1_9' title="bbox 108 1177 1317 1263; baseline -0.003 -20"><span class='ocrx_word' id='word_1_69' title='bbox 108 1183 180 1244; x_wconf 85' lang='lat' dir='ltr'><strong>teles</strong></span> <span class='ocrx_word' id='word_1_70' title='bbox 195 1201 222 1263; x_wconf 87' lang='lat' dir='ltr'><strong>p</strong></span> <span class='ocrx_word' id='word_1_71' title='bbox 236 1180 335 1244; x_wconf 78' lang='grc'>5481</span> <span class='ocrx_word' id='word_1_72' title='bbox 349 1180 501 1260; x_wconf 83' lang='grc' dir='ltr'>7(ο1.681</span> <span class='ocrx_word' id='word_1_73' title='bbox 515 1181 597 1256; x_wconf 80' lang='grc'>89);</span> <span class='ocrx_word' id='word_1_74' title='bbox 611 1179 683 1240; x_wconf 91' lang='lat' dir='ltr'><strong>item</strong></span> <span class='ocrx_word' id='word_1_75' title='bbox 698 1178 839 1258; x_wconf 79' lang='lat' dir='ltr'><strong>dactyli</strong></span> <span class='ocrx_word' id='word_1_76' title='bbox 854 1181 872 1254; x_wconf 63' lang='grc'>8</span> <span class='ocrx_word' id='word_1_77' title='bbox 888 1177 945 1240; x_wconf 89' lang='grc'><strong>184</strong></span> <span class='ocrx_word' id='word_1_78' title='bbox 956 1177 1049 1257; x_wconf 81' lang='lat' dir='ltr'><strong>ignoti</strong></span> <span class='ocrx_word' id='word_1_79' title='bbox 1064 1179 1135 1254; x_wconf 88' lang='lat' dir='ltr'><strong>lere,</strong></span> <span class='ocrx_word' id='word_1_80' title='bbox 1151 1195 1248 1258; x_wconf 88' lang='lat' dir='ltr'><strong>neque</strong></span> <span class='ocrx_word' id='word_1_81' title='bbox 1316 1250 1317 1253; x_wconf 8' lang='grc' dir='ltr'><strong>Ἴ</strong></span> 
     </span>
     <span class='ocr_line' id='line_1_10' title="bbox 107 1276 1249 1358; baseline -0.004 -16"><span class='ocrx_word' id='word_1_82' title='bbox 107 1280 156 1344; x_wconf 90' lang='lat' dir='ltr'><strong>hic</strong></span> <span class='ocrx_word' id='word_1_83' title='bbox 175 1281 245 1344; x_wconf 86' lang='lat' dir='ltr'><strong>lons</strong></span> <span class='ocrx_word' id='word_1_84' title='bbox 260 1280 463 1343; x_wconf 74' lang='lat' dir='ltr'><strong>Aristotelicas</strong></span> <span class='ocrx_word' id='word_1_85' title='bbox 478 1280 595 1342; x_wconf 85' lang='lat' dir='ltr'><strong>videtur</strong></span> <span class='ocrx_word' id='word_1_86' title='bbox 617 1277 695 1358; x_wconf 90' lang='lat' dir='ltr'><strong>quod</strong></span> <span class='ocrx_word' id='word_1_87' title='bbox 717 1276 798 1344; x_wconf 91' lang='lat' dir='ltr'><strong>idem</strong></span> <span class='ocrx_word' id='word_1_88' title='bbox 823 1277 861 1339; x_wconf 89' lang='lat' dir='ltr'><strong>de</strong></span> <span class='ocrx_word' id='word_1_89' title='bbox 881 1277 1028 1357; x_wconf 85' lang='lat' dir='ltr'><strong>unguibus</strong></span> <span class='ocrx_word' id='word_1_90' title='bbox 1049 1278 1123 1339; x_wconf 82' lang='lat' dir='ltr'><strong>valet</strong></span> <span class='ocrx_word' id='word_1_91' title='bbox 1138 1280 1156 1353; x_wconf 65' lang='grc'>8</span> <span class='ocrx_word' id='word_1_92' title='bbox 1174 1276 1249 1352; x_wconf 82' lang='grc'>101-;</span> 
     </span>
     <span class='ocr_line' id='line_1_11' title="bbox 107 1374 1248 1459; baseline -0.004 -17"><span class='ocrx_word' id='word_1_93' title='bbox 107 1379 145 1442; x_wconf 84' lang='lat' dir='ltr'><strong>cl.</strong></span> <span class='ocrx_word' id='word_1_94' title='bbox 158 1379 267 1442; x_wconf 73' lang='lat' dir='ltr'><strong>Athen.</strong></span> <span class='ocrx_word' id='word_1_95' title='bbox 280 1398 307 1459; x_wconf 92' lang='lat' dir='ltr'><strong>p.</strong></span> <span class='ocrx_word' id='word_1_96' title='bbox 321 1376 361 1440; x_wconf 87' lang='grc'><strong>90</strong></span> <span class='ocrx_word' id='word_1_97' title='bbox 374 1377 407 1440; x_wconf 88' lang='lat' dir='ltr'><strong>O.</strong></span> <span class='ocrx_word' id='word_1_98' title='bbox 438 1378 546 1441; x_wconf 85' lang='lat' dir='ltr'><strong>Contm</strong></span> <span class='ocrx_word' id='word_1_99' title='bbox 561 1375 744 1440; x_wconf 74' lang='lat' dir='ltr'><strong>aristotelica</strong></span> <span class='ocrx_word' id='word_1_100' title='bbox 757 1393 860 1439; x_wconf 89' lang='lat' dir='ltr'><strong>rursus</strong></span> <span class='ocrx_word' id='word_1_101' title='bbox 877 1375 961 1439; x_wconf 88' lang='lat' dir='ltr'><strong>rideo</strong></span> <span class='ocrx_word' id='word_1_102' title='bbox 978 1394 1053 1457; x_wconf 86' lang='lat' dir='ltr'><strong>quee</strong></span> <span class='ocrx_word' id='word_1_103' title='bbox 1069 1376 1105 1439; x_wconf 93' lang='lat' dir='ltr'><strong>de</strong></span> <span class='ocrx_word' id='word_1_104' title='bbox 1119 1374 1248 1438; x_wconf 89' lang='lat' dir='ltr'><strong>iuimi-</strong></span> 
     </span>
     <span class='ocr_line' id='line_1_12' title="bbox 105 1473 1247 1559; baseline -0.004 -19"><span class='ocrx_word' id='word_1_105' title='bbox 105 1474 209 1557; x_wconf 74' lang='lat' dir='ltr'><strong>citiis</strong></span> <span class='ocrx_word' id='word_1_106' title='bbox 231 1478 383 1559; x_wconf 89' lang='lat' dir='ltr'><strong>piscium</strong></span> <span class='ocrx_word' id='word_1_107' title='bbox 405 1486 492 1552; x_wconf 83' lang='lat' dir='ltr'><strong>sunt;</strong></span> <span class='ocrx_word' id='word_1_108' title='bbox 514 1476 616 1540; x_wconf 90' lang='lat' dir='ltr'><strong>eadem</strong></span> <span class='ocrx_word' id='word_1_109' title='bbox 639 1482 738 1537; x_wconf 91' lang='lat' dir='ltr'><strong>autem</strong></span> <span class='ocrx_word' id='word_1_110' title='bbox 754 1474 904 1556; x_wconf 87' lang='lat' dir='ltr'><strong>Oppianus</strong></span> <span class='ocrx_word' id='word_1_111' title='bbox 927 1473 1048 1537; x_wconf 79' lang='lat' dir='ltr'><strong>exhibet</strong></span> <span class='ocrx_word' id='word_1_112' title='bbox 1061 1474 1088 1536; x_wconf 98' lang='lat' dir='ltr'><strong>ll</strong></span> <span class='ocrx_word' id='word_1_113' title='bbox 1104 1473 1165 1536; x_wconf 81' lang='grc'><strong>253</strong></span> <span class='ocrx_word' id='word_1_114' title='bbox 1180 1492 1247 1556; x_wconf 88' lang='lat' dir='ltr'><strong>sqq.</strong></span> 
     </span>
     <span class='ocr_line' id='line_1_13' title="bbox 105 1568 1248 1658; baseline -0.003 -20"><span class='ocrx_word' id='word_1_115' title='bbox 105 1576 374 1640; x_wconf 70' lang='lat' dir='ltr'><strong>NamAristotelcs</strong></span> <span class='ocrx_word' id='word_1_116' title='bbox 396 1576 468 1639; x_wconf 90' lang='lat' dir='ltr'><strong>haec</strong></span> <span class='ocrx_word' id='word_1_117' title='bbox 489 1595 518 1656; x_wconf 90' lang='lat' dir='ltr'><strong>p.</strong></span> <span class='ocrx_word' id='word_1_118' title='bbox 534 1573 699 1638; x_wconf 80' lang='lat' dir='ltr'><strong>orosto:</strong></span> <span class='ocrx_word' id='word_1_119' title='bbox 726 1568 881 1658; x_wconf 71' lang='grc' dir='ltr'><strong><em>λάβραξ</em></strong></span> <span class='ocrx_word' id='word_1_120' title='bbox 902 1571 1034 1637; x_wconf 77' lang='grc' dir='ltr'><strong><em>δὲκαὶ</em></strong></span> <span class='ocrx_word' id='word_1_121' title='bbox 1057 1570 1248 1653; x_wconf 79' lang='grc' dir='ltr'><strong><em>κεστρεὺς</em></strong></span> 
     </span>
    </p>
   </div>
   <div class='ocr_carea' id='block_1_3' title="bbox 107 1667 1354 1762">
    <p class='ocr_par' dir='ltr' id='par_1_3' title="bbox 107 1667 1354 1762">
     <span class='ocr_line' id='line_1_14' title="bbox 107 1667 1354 1762; baseline -0.002 -24"><span class='ocrx_word' id='word_1_122' title='bbox 107 1673 418 1757; x_wconf 74' lang='grc' dir='ltr'><strong><em>πολεμιώτατοι</em></strong></span> <span class='ocrx_word' id='word_1_123' title='bbox 447 1669 556 1748; x_wconf 86' lang='grc' dir='ltr'><strong><em>ὄντες</em></strong></span> <span class='ocrx_word' id='word_1_124' title='bbox 579 1667 650 1735; x_wconf 75' lang='grc' dir='ltr'><strong><em>κατ’</em></strong></span> <span class='ocrx_word' id='word_1_125' title='bbox 678 1669 786 1747; x_wconf 78' lang='grc' dir='ltr'><strong><em>ένίους</em></strong></span> <span class='ocrx_word' id='word_1_126' title='bbox 808 1671 941 1758; x_wconf 75' lang='grc' dir='ltr'><strong><em>καιροὺς</em></strong></span> <span class='ocrx_word' id='word_1_127' title='bbox 970 1667 1246 1750; x_wconf 83' lang='grc' dir='ltr'><strong><em>σοναγελοὶζονται</em></strong></span> <span class='ocrx_word' id='word_1_128' title='bbox 1350 1752 1354 1762; x_wconf 24' lang='grc' dir='ltr'>ι</span> 
     </span>
    </p>
   </div>
   <div class='ocr_carea' id='block_1_4' title="bbox 100 1766 1247 3146">
    <p class='ocr_par' dir='ltr' id='par_1_4' title="bbox 100 1766 1247 3146">
     <span class='ocr_line' id='line_1_15' title="bbox 105 1766 1247 1858; baseline 0 -21"><span class='ocrx_word' id='word_1_129' title='bbox 105 1769 278 1856; x_wconf 82' lang='grc' dir='ltr'><strong><em>ἀλληλοις.</em></strong></span> <span class='ocrx_word' id='word_1_130' title='bbox 294 1816 323 1834; x_wconf 88' lang='grc'><strong>..</strong></span> <span class='ocrx_word' id='word_1_131' title='bbox 349 1769 427 1844; x_wconf 79' lang='grc' dir='ltr'><strong><em>ζῶσι</em></strong></span> <span class='ocrx_word' id='word_1_132' title='bbox 443 1769 480 1834; x_wconf 78' lang='lat' dir='ltr'><strong>dt</strong></span> <span class='ocrx_word' id='word_1_133' title='bbox 496 1768 700 1844; x_wconf 79' lang='grc' dir='ltr'><strong><em>πολλάκις</em></strong></span> <span class='ocrx_word' id='word_1_134' title='bbox 722 1766 976 1855; x_wconf 77' lang='grc' dir='ltr'><strong><em>ἀφῃρημένοι</em></strong></span> <span class='ocrx_word' id='word_1_135' title='bbox 1000 1767 1038 1834; x_wconf 74' lang='grc' dir='ltr'><strong>οἱ</strong></span> <span class='ocrx_word' id='word_1_136' title='bbox 1061 1782 1247 1858; x_wconf 75' lang='grc' dir='ltr'><strong><em>κεστρελς</em></strong></span> 
     </span>
     <span class='ocr_line' id='line_1_16' title="bbox 104 1864 1246 1956; baseline 0 -20"><span class='ocrx_word' id='word_1_137' title='bbox 104 1867 174 1936; x_wconf 84' lang='grc' dir='ltr'><strong>τὸν</strong></span> <span class='ocrx_word' id='word_1_138' title='bbox 194 1873 335 1954; x_wconf 81' lang='grc' dir='ltr'><strong><em>κέρκον</em></strong></span> <span class='ocrx_word' id='word_1_139' title='bbox 350 1869 414 1933; x_wconf 85' lang='grc' dir='ltr'><strong>καὶ</strong></span> <span class='ocrx_word' id='word_1_140' title='bbox 438 1867 477 1935; x_wconf 77' lang='grc' dir='ltr'><strong><em>ολ</em></strong></span> <span class='ocrx_word' id='word_1_141' title='bbox 499 1864 664 1952; x_wconf 91' lang='grc' dir='ltr'><strong><em>γόγγροι</em></strong></span> <span class='ocrx_word' id='word_1_142' title='bbox 686 1871 782 1952; x_wconf 80' lang='grc' dir='ltr'><strong><em>μέχρι</em></strong></span> <span class='ocrx_word' id='word_1_143' title='bbox 804 1869 861 1952; x_wconf 81' lang='grc' dir='ltr'><strong>τῆς</strong></span> <span class='ocrx_word' id='word_1_144' title='bbox 883 1865 999 1942; x_wconf 72' lang='grc' dir='ltr'><strong><em>ἐξόδου</em></strong></span> <span class='ocrx_word' id='word_1_145' title='bbox 1014 1868 1070 1953; x_wconf 80' lang='grc' dir='ltr'><strong>τῆς</strong></span> <span class='ocrx_word' id='word_1_146' title='bbox 1085 1871 1246 1956; x_wconf 80' lang='grc' dir='ltr'><strong><em>περικτιό-</em></strong></span> 
     </span>
     <span class='ocr_line' id='line_1_17' title="bbox 104 1962 1245 2055; baseline 0 -21"><span class='ocrx_word' id='word_1_147' title='bbox 104 1986 202 2044; x_wconf 84' lang='grc' dir='ltr'><strong><em>σεως·</em></strong></span> <span class='ocrx_word' id='word_1_148' title='bbox 247 1965 504 2032; x_wconf 74' lang='grc' dir='ltr'><strong><em>ἀπεσθίεται</em></strong></span> <span class='ocrx_word' id='word_1_149' title='bbox 545 1964 578 2032; x_wconf 85' lang='lat' dir='ltr'><strong>d‘</strong></span> <span class='ocrx_word' id='word_1_150' title='bbox 614 1964 632 2031; x_wconf 85' lang='grc' dir='ltr'><strong><em>ό</em></strong></span> <span class='ocrx_word' id='word_1_151' title='bbox 661 1965 734 2049; x_wconf 81' lang='grc' dir='ltr'><strong>μὲν</strong></span> <span class='ocrx_word' id='word_1_152' title='bbox 763 1966 952 2051; x_wconf 75' lang='grc' dir='ltr'><strong><em>κεστρεὺς</em></strong></span> <span class='ocrx_word' id='word_1_153' title='bbox 981 1962 1062 2032; x_wconf 72' lang='lat' dir='ltr'><strong>dard</strong></span> <span class='ocrx_word' id='word_1_154' title='bbox 1091 1966 1245 2055; x_wconf 77' lang='grc' dir='ltr'><strong><em>λάβρα-</em></strong></span> 
     </span>
     <span class='ocr_line' id='line_1_18' title="bbox 104 2064 1246 2155; baseline 0.004 -23"><span class='ocrx_word' id='word_1_155' title='bbox 104 2091 185 2145; x_wconf 91' lang='grc' dir='ltr'><strong><em>κος,</em></strong></span> <span class='ocrx_word' id='word_1_156' title='bbox 214 2065 234 2133; x_wconf 82' lang='grc' dir='ltr'><strong><em>ό</em></strong></span> <span class='ocrx_word' id='word_1_157' title='bbox 263 2067 307 2132; x_wconf 82' lang='lat' dir='ltr'><strong>dd</strong></span> <span class='ocrx_word' id='word_1_158' title='bbox 336 2066 506 2150; x_wconf 78' lang='grc' dir='ltr'><strong><em>γόγγρος</em></strong></span> <span class='ocrx_word' id='word_1_159' title='bbox 535 2064 611 2132; x_wconf 80' lang='grc' dir='ltr'><strong><em>ὑπὸ</em></strong></span> <span class='ocrx_word' id='word_1_160' title='bbox 640 2069 851 2150; x_wconf 74' lang='grc' dir='ltr'><strong><em>μοραλνηςς</em></strong></span> <span class='ocrx_word' id='word_1_161' title='bbox 888 2066 1003 2131; x_wconf 86' lang='lat' dir='ltr'><strong>Plinius</strong></span> <span class='ocrx_word' id='word_1_162' title='bbox 1030 2068 1117 2132; x_wconf 87' lang='lat' dir='ltr'><strong>haec:</strong></span> <span class='ocrx_word' id='word_1_163' title='bbox 1154 2071 1246 2155; x_wconf 76' lang='grc' dir='ltr'><strong><em>Μιιηιλ</em></strong></span> 
     </span>
     <span class='ocr_line' id='line_1_19' title="bbox 103 2169 1245 2251; baseline 0.002 -19"><span class='ocrx_word' id='word_1_164' title='bbox 103 2180 130 2232; x_wconf 88' lang='lat' dir='ltr'><strong>et</strong></span> <span class='ocrx_word' id='word_1_165' title='bbox 159 2169 244 2251; x_wconf 83' lang='lat' dir='ltr'><strong>lupos</strong></span> <span class='ocrx_word' id='word_1_166' title='bbox 271 2179 371 2232; x_wconf 82' lang='lat' dir='ltr'><strong>motato</strong></span> <span class='ocrx_word' id='word_1_167' title='bbox 403 2169 465 2231; x_wconf 83' lang='lat' dir='ltr'><strong>odio</strong></span> <span class='ocrx_word' id='word_1_168' title='bbox 501 2169 639 2247; x_wconf 71' lang='lat' dir='ltr'><strong>[leprose</strong></span> <span class='ocrx_word' id='word_1_169' title='bbox 674 2184 776 2247; x_wconf 83' lang='grc' dir='ltr'><strong><em>οοιιηον</em></strong></span> <span class='ocrx_word' id='word_1_170' title='bbox 808 2178 835 2230; x_wconf 89' lang='lat' dir='ltr'><strong>et</strong></span> <span class='ocrx_word' id='word_1_171' title='bbox 865 2185 988 2230; x_wconf 83' lang='lat' dir='ltr'><strong>morena</strong></span> <span class='ocrx_word' id='word_1_172' title='bbox 1021 2169 1145 2233; x_wconf 82' lang='lat' dir='ltr'><strong>eaodem</strong></span> <span class='ocrx_word' id='word_1_173' title='bbox 1169 2175 1245 2242; x_wconf 76' lang='lat' dir='ltr'><strong>irater</strong></span> 
     </span>
     <span class='ocr_line' id='line_1_20' title="bbox 103 2258 1244 2350; baseline 0.003 -19"><span class='ocrx_word' id='word_1_174' title='bbox 103 2288 133 2332; x_wconf 81' lang='lat' dir='ltr'><strong>ee</strong></span> <span class='ocrx_word' id='word_1_175' title='bbox 164 2269 374 2350; x_wconf 82' lang='lat' dir='ltr'><strong>proerodeotes.</strong></span> <span class='ocrx_word' id='word_1_176' title='bbox 433 2268 468 2331; x_wconf 90' lang='lat' dir='ltr'><strong>ln</strong></span> <span class='ocrx_word' id='word_1_177' title='bbox 503 2286 606 2347; x_wconf 75' lang='lat' dir='ltr'><strong>praem</strong></span> <span class='ocrx_word' id='word_1_178' title='bbox 641 2265 719 2328; x_wconf 89' lang='lat' dir='ltr'><strong>sicut</strong></span> <span class='ocrx_word' id='word_1_179' title='bbox 754 2263 880 2328; x_wconf 88' lang='lat' dir='ltr'><strong>traditur</strong></span> <span class='ocrx_word' id='word_1_180' title='bbox 917 2266 1065 2330; x_wconf 88' lang='lat' dir='ltr'><strong>sententia</strong></span> <span class='ocrx_word' id='word_1_181' title='bbox 1101 2258 1140 2339; x_wconf 82' lang='lat' dir='ltr'><strong>ne</strong></span> <span class='ocrx_word' id='word_1_182' title='bbox 1175 2290 1244 2335; x_wconf 87' lang='lat' dir='ltr'><strong>sus-</strong></span> 
     </span>
     <span class='ocr_line' id='line_1_21' title="bbox 103 2363 1242 2449; baseline 0 -18"><span class='ocrx_word' id='word_1_183' title='bbox 103 2367 195 2449; x_wconf 85' lang='lat' dir='ltr'><strong>picari</strong></span> <span class='ocrx_word' id='word_1_184' title='bbox 226 2368 347 2448; x_wconf 90' lang='lat' dir='ltr'><strong>quidem</strong></span> <span class='ocrx_word' id='word_1_185' title='bbox 380 2365 449 2428; x_wconf 89' lang='lat' dir='ltr'><strong>licet</strong></span> <span class='ocrx_word' id='word_1_186' title='bbox 480 2384 534 2428; x_wconf 91' lang='lat' dir='ltr'><strong>eur</strong></span> <span class='ocrx_word' id='word_1_187' title='bbox 565 2364 702 2444; x_wconf 86' lang='lat' dir='ltr'><strong>praerodi</strong></span> <span class='ocrx_word' id='word_1_188' title='bbox 734 2363 826 2429; x_wconf 86' lang='lat' dir='ltr'><strong>cauda</strong></span> <span class='ocrx_word' id='word_1_189' title='bbox 859 2364 947 2427; x_wconf 89' lang='lat' dir='ltr'><strong>etiam</strong></span> <span class='ocrx_word' id='word_1_190' title='bbox 973 2365 1090 2446; x_wconf 77' lang='lat' dir='ltr'><strong>congris</strong></span> <span class='ocrx_word' id='word_1_191' title='bbox 1113 2367 1242 2433; x_wconf 83' lang='lat' dir='ltr'><strong>dicatur:</strong></span> 
     </span>
     <span class='ocr_line' id='line_1_22' title="bbox 103 2461 1244 2549; baseline 0.002 -19"><span class='ocrx_word' id='word_1_192' title='bbox 103 2466 280 2531; x_wconf 87' lang='lat' dir='ltr'><strong>sententiam</strong></span> <span class='ocrx_word' id='word_1_193' title='bbox 335 2483 469 2527; x_wconf 91' lang='lat' dir='ltr'><strong>mancam</strong></span> <span class='ocrx_word' id='word_1_194' title='bbox 525 2464 620 2527; x_wconf 83' lang='lat' dir='ltr'><strong>Plinio</strong></span> <span class='ocrx_word' id='word_1_195' title='bbox 670 2464 744 2527; x_wconf 90' lang='lat' dir='ltr'><strong>duce</strong></span> <span class='ocrx_word' id='word_1_196' title='bbox 793 2463 977 2545; x_wconf 84' lang='lat' dir='ltr'><strong>expleamus:</strong></span> <span class='ocrx_word' id='word_1_197' title='bbox 1031 2461 1160 2549; x_wconf 76' lang='grc' dir='ltr'><strong><em>λάβραξ</em></strong></span> <span class='ocrx_word' id='word_1_198' title='bbox 1207 2465 1244 2532; x_wconf 78' lang='lat' dir='ltr'><strong>dt</strong></span> 
     </span>
     <span class='ocr_line' id='line_1_23' title="bbox 103 2557 1242 2650; baseline 0.003 -22"><span class='ocrx_word' id='word_1_199' title='bbox 103 2563 160 2628; x_wconf 80' lang='grc' dir='ltr'><strong><em>καλ</em></strong></span> <span class='ocrx_word' id='word_1_200' title='bbox 203 2563 435 2650; x_wconf 78' lang='grc' dir='ltr'><strong><em>κεστρεὺς....</em></strong></span> <span class='ocrx_word' id='word_1_201' title='bbox 476 2558 754 2641; x_wconf 82' lang='grc' dir='ltr'><strong><em>σοναγελόζονται</em></strong></span> <span class='ocrx_word' id='word_1_202' title='bbox 799 2558 954 2645; x_wconf 75' lang='grc' dir='ltr'><strong><em>ἀλλήλοις</em></strong></span> <span class='ocrx_word' id='word_1_203' title='bbox 997 2557 1127 2650; x_wconf 76' lang='grc' dir='ltr'><strong><em>ὥςπερ</em></strong></span> <span class='ocrx_word' id='word_1_204' title='bbox 1172 2567 1242 2631; x_wconf 81' lang='grc' dir='ltr'><strong><em>καλ</em></strong></span> 
     </span>
     <span class='ocr_line' id='line_1_24' title="bbox 101 2658 1241 2750; baseline 0.002 -21"><span class='ocrx_word' id='word_1_205' title='bbox 101 2663 278 2750; x_wconf 87' lang='grc' dir='ltr'><strong><em>γόγγρος</em></strong></span> <span class='ocrx_word' id='word_1_206' title='bbox 306 2663 371 2727; x_wconf 78' lang='grc' dir='ltr'><strong><em>καλ</em></strong></span> <span class='ocrx_word' id='word_1_207' title='bbox 400 2661 595 2745; x_wconf 84' lang='grc' dir='ltr'><strong><em>μύραινα·</em></strong></span> <span class='ocrx_word' id='word_1_208' title='bbox 638 2658 912 2741; x_wconf 82' lang='grc' dir='ltr'><strong><em>σοναγελόζονται</em></strong></span> <span class='ocrx_word' id='word_1_209' title='bbox 934 2662 996 2748; x_wconf 84' lang='grc' dir='ltr'><strong>γὰρ</strong></span> <span class='ocrx_word' id='word_1_210' title='bbox 1019 2663 1180 2741; x_wconf 83' lang='grc' dir='ltr'><strong><em>πολλάκις</em></strong></span> <span class='ocrx_word' id='word_1_211' title='bbox 1201 2663 1241 2732; x_wconf 79' lang='grc' dir='ltr'><strong>οὗ</strong></span> 
     </span>
     <span class='ocr_line' id='line_1_25' title="bbox 101 2759 1240 2848; baseline 0.002 -19"><span class='ocrx_word' id='word_1_212' title='bbox 101 2763 206 2848; x_wconf 76' lang='grc' dir='ltr'><strong><em>μόνον</em></strong></span> <span class='ocrx_word' id='word_1_213' title='bbox 225 2760 267 2827; x_wconf 78' lang='grc' dir='ltr'><strong>τοὶ</strong></span> <span class='ocrx_word' id='word_1_214' title='bbox 286 2759 434 2846; x_wconf 75' lang='grc' dir='ltr'><strong><em>ὁμόγηνα</em></strong></span> <span class='ocrx_word' id='word_1_215' title='bbox 449 2782 509 2843; x_wconf 89' lang='lat' dir='ltr'><strong>eqs.</strong></span> <span class='ocrx_word' id='word_1_216' title='bbox 541 2762 644 2844; x_wconf 82' lang='lat' dir='ltr'><strong><em>Neque</em></strong></span> <span class='ocrx_word' id='word_1_217' title='bbox 663 2781 732 2825; x_wconf 87' lang='lat' dir='ltr'><strong>vero</strong></span> <span class='ocrx_word' id='word_1_218' title='bbox 753 2762 828 2824; x_wconf 92' lang='lat' dir='ltr'><strong>Plini</strong></span> <span class='ocrx_word' id='word_1_219' title='bbox 850 2762 1019 2826; x_wconf 83' lang='lat' dir='ltr'><strong>mehercule</strong></span> <span class='ocrx_word' id='word_1_220' title='bbox 1039 2765 1148 2829; x_wconf 89' lang='lat' dir='ltr'><strong>rectior</strong></span> <span class='ocrx_word' id='word_1_221' title='bbox 1169 2785 1240 2831; x_wconf 88' lang='lat' dir='ltr'><strong>sen·</strong></span> 
     </span>
     <span class='ocr_line' id='line_1_26' title="bbox 100 2859 1240 2946; baseline 0.004 -20"><span class='ocrx_word' id='word_1_222' title='bbox 100 2863 195 2927; x_wconf 87' lang='lat' dir='ltr'><strong>tentia</strong></span> <span class='ocrx_word' id='word_1_223' title='bbox 232 2871 283 2926; x_wconf 87' lang='lat' dir='ltr'><strong>aut</strong></span> <span class='ocrx_word' id='word_1_224' title='bbox 324 2863 423 2924; x_wconf 91' lang='lat' dir='ltr'><strong>minus</strong></span> <span class='ocrx_word' id='word_1_225' title='bbox 459 2861 597 2941; x_wconf 83' lang='lat' dir='ltr'><strong>erigenda</strong></span> <span class='ocrx_word' id='word_1_226' title='bbox 633 2868 687 2934; x_wconf 90' lang='lat' dir='ltr'><strong>est,</strong></span> <span class='ocrx_word' id='word_1_227' title='bbox 723 2861 803 2922; x_wconf 90' lang='lat' dir='ltr'><strong>hune</strong></span> <span class='ocrx_word' id='word_1_228' title='bbox 838 2859 870 2922; x_wconf 91' lang='lat' dir='ltr'><strong>in</strong></span> <span class='ocrx_word' id='word_1_229' title='bbox 907 2861 1045 2924; x_wconf 90' lang='lat' dir='ltr'><strong>modum:</strong></span> <span class='ocrx_word' id='word_1_230' title='bbox 1088 2863 1179 2946; x_wconf 79' lang='grc' dir='ltr'><strong><em>Μαριλ</em></strong></span> <span class='ocrx_word' id='word_1_231' title='bbox 1213 2878 1240 2931; x_wconf 82' lang='lat' dir='ltr'><strong>et</strong></span> 
     </span>
     <span class='ocr_line' id='line_1_27' title="bbox 102 2959 1239 3045; baseline 0.002 -19"><span class='ocrx_word' id='word_1_232' title='bbox 102 2964 194 3045; x_wconf 81' lang='lat' dir='ltr'><strong>lupos,</strong></span> <span class='ocrx_word' id='word_1_233' title='bbox 225 2979 326 3044; x_wconf 82' lang='lat' dir='ltr'><strong>reaper</strong></span> <span class='ocrx_word' id='word_1_234' title='bbox 353 2971 380 3024; x_wconf 88' lang='lat' dir='ltr'><strong>et</strong></span> <span class='ocrx_word' id='word_1_235' title='bbox 399 2978 522 3023; x_wconf 80' lang='lat' dir='ltr'><strong>morene</strong></span> <span class='ocrx_word' id='word_1_236' title='bbox 542 2970 641 3022; x_wconf 78' lang='lat' dir='ltr'><strong>morou</strong></span> <span class='ocrx_word' id='word_1_237' title='bbox 663 2959 725 3023; x_wconf 81' lang='lat' dir='ltr'><strong>odio</strong></span> <span class='ocrx_word' id='word_1_238' title='bbox 747 2959 884 3040; x_wconf 75' lang='grc' dir='ltr'><strong><em>γλοηνοιιέ,</em></strong></span> <span class='ocrx_word' id='word_1_239' title='bbox 913 2961 1035 3024; x_wconf 83' lang='lat' dir='ltr'><strong>eaodem</strong></span> <span class='ocrx_word' id='word_1_240' title='bbox 1049 2981 1124 3042; x_wconf 80' lang='lat' dir='ltr'><strong>eqe-</strong></span> <span class='ocrx_word' id='word_1_241' title='bbox 1158 2964 1239 3038; x_wconf 81' lang='lat' dir='ltr'><strong>Quae</strong></span> 
     </span>
     <span class='ocr_line' id='line_1_28' title="bbox 101 3060 1242 3146; baseline 0 -18"><span class='ocrx_word' id='word_1_242' title='bbox 101 3072 266 3145; x_wconf 88' lang='lat' dir='ltr'><strong>sequuntur</strong></span> <span class='ocrx_word' id='word_1_243' title='bbox 287 3063 364 3146; x_wconf 89' lang='lat' dir='ltr'><strong>apud</strong></span> <span class='ocrx_word' id='word_1_244' title='bbox 385 3061 531 3124; x_wconf 86' lang='lat' dir='ltr'><strong>Plinium:</strong></span> <span class='ocrx_word' id='word_1_245' title='bbox 562 3061 699 3142; x_wconf 80' lang='lat' dir='ltr'><strong>polypum</strong></span> <span class='ocrx_word' id='word_1_246' title='bbox 720 3063 751 3122; x_wconf 84' lang='grc' dir='ltr'><strong>ιἰι</strong></span> <span class='ocrx_word' id='word_1_247' title='bbox 777 3071 889 3125; x_wconf 82' lang='lat' dir='ltr'><strong>tontum</strong></span> <span class='ocrx_word' id='word_1_248' title='bbox 911 3060 1020 3125; x_wconf 77' lang='grc' dir='ltr'><strong><em>λοαιιτο</em></strong></span> <span class='ocrx_word' id='word_1_249' title='bbox 1044 3074 1130 3143; x_wconf 83' lang='lat' dir='ltr'><strong>pocot</strong></span> <span class='ocrx_word' id='word_1_250' title='bbox 1154 3068 1242 3128; x_wconf 77' lang='lat' dir='ltr'><strong>etsi</strong></span> 
     </span>
    </p>
   </div>
   <div class='ocr_carea' id='block_1_5' title="bbox 99 3159 1335 3242">
    <p class='ocr_par' dir='ltr' id='par_1_5' title="bbox 99 3159 1335 3242">
     <span class='ocr_line' id='line_1_29' title="bbox 99 3159 1335 3242; baseline -0.006 -15"><span class='ocrx_word' id='word_1_251' title='bbox 99 3169 183 3227; x_wconf 79' lang='lat' dir='ltr'><strong>tecte</strong></span> <span class='ocrx_word' id='word_1_252' title='bbox 197 3165 291 3226; x_wconf 79' lang='lat' dir='ltr'><strong>videet</strong></span> <span class='ocrx_word' id='word_1_253' title='bbox 306 3166 419 3226; x_wconf 81' lang='lat' dir='ltr'><strong>mesico</strong></span> <span class='ocrx_word' id='word_1_254' title='bbox 433 3163 591 3235; x_wconf 65' lang='lat' dir='ltr'><strong>merlotum</strong></span> <span class='ocrx_word' id='word_1_255' title='bbox 616 3159 751 3224; x_wconf 76' lang='lat' dir='ltr'><strong>locustum</strong></span> <span class='ocrx_word' id='word_1_256' title='bbox 767 3177 882 3241; x_wconf 74' lang='lat' dir='ltr'><strong>cooper3</strong></span> <span class='ocrx_word' id='word_1_257' title='bbox 903 3179 1006 3224; x_wconf 79' lang='lat' dir='ltr'><strong>corsos</strong></span> <span class='ocrx_word' id='word_1_258' title='bbox 1016 3161 1156 3242; x_wconf 74' lang='lat' dir='ltr'><strong>polypum</strong></span> <span class='ocrx_word' id='word_1_259' title='bbox 1169 3180 1238 3226; x_wconf 84' lang='lat' dir='ltr'><strong>coa-</strong></span> <span class='ocrx_word' id='word_1_260' title='bbox 1329 3213 1335 3220; x_wconf 88' lang='lat'>.</span> 
     </span>
    </p>
   </div>
   <div class='ocr_carea' id='block_1_6' title="bbox 95 3259 1237 4531">
    <p class='ocr_par' dir='ltr' id='par_1_6' title="bbox 95 3259 1237 4531">
     <span class='ocr_line' id='line_1_30' title="bbox 97 3259 1236 3345; baseline 0 -21"><span class='ocrx_word' id='word_1_261' title='bbox 97 3263 291 3345; x_wconf 72' lang='lat' dir='ltr'><strong>perlucerent,</strong></span> <span class='ocrx_word' id='word_1_262' title='bbox 305 3261 444 3340; x_wconf 84' lang='lat' dir='ltr'><strong>leguntur</strong></span> <span class='ocrx_word' id='word_1_263' title='bbox 455 3259 574 3339; x_wconf 89' lang='lat' dir='ltr'><strong>quidem</strong></span> <span class='ocrx_word' id='word_1_264' title='bbox 585 3259 658 3322; x_wconf 87' lang='lat' dir='ltr'><strong>baec</strong></span> <span class='ocrx_word' id='word_1_265' title='bbox 669 3259 953 3340; x_wconf 81' lang='lat' dir='ltr'><strong>apudlrisrotelem,</strong></span> <span class='ocrx_word' id='word_1_266' title='bbox 965 3261 1018 3323; x_wconf 89' lang='lat' dir='ltr'><strong>sed</strong></span> <span class='ocrx_word' id='word_1_267' title='bbox 1030 3259 1097 3324; x_wconf 91' lang='lat' dir='ltr'><strong>alibi</strong></span> <span class='ocrx_word' id='word_1_268' title='bbox 1109 3260 1236 3341; x_wconf 66' lang='lat' dir='ltr'><strong>pasus</strong></span> 
     </span>
     <span class='ocr_line' id='line_1_31' title="bbox 101 3357 1237 3442; baseline 0.004 -20"><span class='ocrx_word' id='word_1_269' title='bbox 101 3361 141 3422; x_wconf 93' lang='grc'><strong>12</strong></span> <span class='ocrx_word' id='word_1_270' title='bbox 152 3381 228 3442; x_wconf 85' lang='lat' dir='ltr'><strong>sqq,</strong></span> <span class='ocrx_word' id='word_1_271' title='bbox 243 3360 283 3423; x_wconf 92' lang='lat' dir='ltr'><strong>ita</strong></span> <span class='ocrx_word' id='word_1_272' title='bbox 307 3366 340 3421; x_wconf 92' lang='lat' dir='ltr'><strong>ut</strong></span> <span class='ocrx_word' id='word_1_273' title='bbox 360 3358 410 3420; x_wconf 90' lang='lat' dir='ltr'><strong>hie</strong></span> <span class='ocrx_word' id='word_1_274' title='bbox 430 3358 560 3439; x_wconf 90' lang='lat' dir='ltr'><strong>primum</strong></span> <span class='ocrx_word' id='word_1_275' title='bbox 583 3357 702 3420; x_wconf 77' lang='lat' dir='ltr'><strong>conflari</strong></span> <span class='ocrx_word' id='word_1_276' title='bbox 716 3358 867 3423; x_wconf 88' lang='lat' dir='ltr'><strong>videamus</strong></span> <span class='ocrx_word' id='word_1_277' title='bbox 880 3359 962 3441; x_wconf 86' lang='lat' dir='ltr'><strong>duos</strong></span> <span class='ocrx_word' id='word_1_278' title='bbox 977 3359 1142 3424; x_wconf 77' lang='lat' dir='ltr'><strong>Aristotelis</strong></span> <span class='ocrx_word' id='word_1_279' title='bbox 1156 3362 1237 3426; x_wconf 90' lang='lat' dir='ltr'><strong>locos</strong></span> 
     </span>
     <span class='ocr_line' id='line_1_32' title="bbox 99 3457 1236 3536; baseline 0.003 -15"><span class='ocrx_word' id='word_1_280' title='bbox 99 3461 230 3522; x_wconf 80' lang='lat' dir='ltr'><strong>diversus</strong></span> <span class='ocrx_word' id='word_1_281' title='bbox 264 3459 315 3521; x_wconf 87' lang='lat' dir='ltr'><strong>sed</strong></span> <span class='ocrx_word' id='word_1_282' title='bbox 349 3458 481 3520; x_wconf 87' lang='lat' dir='ltr'><strong>eiusdem</strong></span> <span class='ocrx_word' id='word_1_283' title='bbox 507 3457 569 3519; x_wconf 84' lang='lat' dir='ltr'><strong>lere</strong></span> <span class='ocrx_word' id='word_1_284' title='bbox 598 3458 775 3536; x_wconf 79' lang='lat' dir='ltr'><strong>argumenti</strong></span> <span class='ocrx_word' id='word_1_285' title='bbox 818 3458 905 3532; x_wconf 85' lang='lat' dir='ltr'><strong>Quod</strong></span> <span class='ocrx_word' id='word_1_286' title='bbox 925 3477 994 3520; x_wconf 88' lang='lat' dir='ltr'><strong>vero</strong></span> <span class='ocrx_word' id='word_1_287' title='bbox 1021 3460 1103 3522; x_wconf 85' lang='lat' dir='ltr'><strong>addit</strong></span> <span class='ocrx_word' id='word_1_288' title='bbox 1124 3461 1236 3526; x_wconf 92' lang='lat' dir='ltr'><strong>Plinius</strong></span> 
     </span>
     <span class='ocr_line' id='line_1_33' title="bbox 98 3556 1237 3637; baseline 0.002 -15"><span class='ocrx_word' id='word_1_289' title='bbox 98 3559 195 3635; x_wconf 72' lang='lat'>§186</span> <span class='ocrx_word' id='word_1_290' title='bbox 218 3558 362 3620; x_wconf 83' lang='lat' dir='ltr'><strong>amicitiae</strong></span> <span class='ocrx_word' id='word_1_291' title='bbox 377 3557 544 3637; x_wconf 85' lang='lat' dir='ltr'><strong>exemplum</strong></span> <span class='ocrx_word' id='word_1_292' title='bbox 567 3575 632 3619; x_wconf 91' lang='lat' dir='ltr'><strong>esse</strong></span> <span class='ocrx_word' id='word_1_293' title='bbox 653 3556 863 3621; x_wconf 86' lang='lat' dir='ltr'><strong>ballaenam</strong></span> <span class='ocrx_word' id='word_1_294' title='bbox 885 3565 916 3621; x_wconf 90' lang='lat' dir='ltr'><strong>et</strong></span> <span class='ocrx_word' id='word_1_295' title='bbox 936 3560 1159 3633; x_wconf 86' lang='lat' dir='ltr'><strong>musculum,</strong></span> <span class='ocrx_word' id='word_1_296' title='bbox 1182 3562 1237 3624; x_wconf 91' lang='lat' dir='ltr'><strong>boc</strong></span> 
     </span>
     <span class='ocr_line' id='line_1_34' title="bbox 98 3654 1236 3739; baseline 0.001 -19"><span class='ocrx_word' id='word_1_297' title='bbox 98 3657 235 3737; x_wconf 86' lang='lat' dir='ltr'><strong>estquod</strong></span> <span class='ocrx_word' id='word_1_298' title='bbox 249 3656 399 3718; x_wconf 84' lang='lat' dir='ltr'><strong>adtribuas</strong></span> <span class='ocrx_word' id='word_1_299' title='bbox 408 3655 508 3719; x_wconf 87' lang='lat' dir='ltr'><strong>Stoico</strong></span> <span class='ocrx_word' id='word_1_300' title='bbox 521 3655 633 3717; x_wconf 90' lang='lat' dir='ltr'><strong>auctori</strong></span> <span class='ocrx_word' id='word_1_301' title='bbox 645 3654 901 3737; x_wconf 84' lang='lat' dir='ltr'><strong>(cf.suprap.97);</strong></span> <span class='ocrx_word' id='word_1_302' title='bbox 913 3675 1010 3739; x_wconf 88' lang='lat' dir='ltr'><strong>neque</strong></span> <span class='ocrx_word' id='word_1_303' title='bbox 1022 3659 1102 3723; x_wconf 92' lang='lat' dir='ltr'><strong>enim</strong></span> <span class='ocrx_word' id='word_1_304' title='bbox 1114 3679 1147 3722; x_wconf 91' lang='lat' dir='ltr'><strong>ea</strong></span> <span class='ocrx_word' id='word_1_305' title='bbox 1156 3678 1236 3723; x_wconf 90' lang='lat' dir='ltr'><strong>nunc</strong></span> 
     </span>
     <span class='ocr_line' id='line_1_35' title="bbox 97 3754 1235 3840; baseline 0.002 -22"><span class='ocrx_word' id='word_1_306' title='bbox 97 3762 256 3818; x_wconf 84' lang='lat' dir='ltr'><strong>narrantur</strong></span> <span class='ocrx_word' id='word_1_307' title='bbox 289 3754 347 3816; x_wconf 85' lang='lat' dir='ltr'><strong>nisi</strong></span> <span class='ocrx_word' id='word_1_308' title='bbox 379 3755 456 3835; x_wconf 89' lang='lat' dir='ltr'><strong>apud</strong></span> <span class='ocrx_word' id='word_1_309' title='bbox 484 3754 675 3817; x_wconf 83' lang='lat' dir='ltr'><strong>Plutarchum</strong></span> <span class='ocrx_word' id='word_1_310' title='bbox 697 3754 717 3816; x_wconf 92' lang='lat' dir='ltr'><strong>l.</strong></span> <span class='ocrx_word' id='word_1_311' title='bbox 739 3755 759 3817; x_wconf 90' lang='lat' dir='ltr'><strong>l.</strong></span> <span class='ocrx_word' id='word_1_312' title='bbox 780 3774 810 3837; x_wconf 87' lang='lat' dir='ltr'><strong>p.</strong></span> <span class='ocrx_word' id='word_1_313' title='bbox 826 3754 925 3818; x_wconf 81' lang='lat' dir='ltr'><strong>O8OF</strong></span> <span class='ocrx_word' id='word_1_314' title='bbox 948 3765 979 3819; x_wconf 88' lang='lat' dir='ltr'><strong>et</strong></span> <span class='ocrx_word' id='word_1_315' title='bbox 1000 3756 1059 3821; x_wconf 84' lang='lat'><strong>981</strong></span> <span class='ocrx_word' id='word_1_316' title='bbox 1095 3768 1125 3820; x_wconf 91' lang='lat' dir='ltr'><strong>et</strong></span> <span class='ocrx_word' id='word_1_317' title='bbox 1156 3760 1235 3840; x_wconf 92' lang='lat' dir='ltr'><strong>apud</strong></span> 
     </span>
     <span class='ocr_line' id='line_1_36' title="bbox 98 3853 1234 3936; baseline 0.003 -19"><span class='ocrx_word' id='word_1_318' title='bbox 98 3854 266 3936; x_wconf 86' lang='lat' dir='ltr'><strong>Oppianum</strong></span> <span class='ocrx_word' id='word_1_319' title='bbox 289 3854 312 3914; x_wconf 89' lang='lat' dir='ltr'>V</span> <span class='ocrx_word' id='word_1_320' title='bbox 333 3853 369 3913; x_wconf 83' lang='grc'><strong>71</strong></span> <span class='ocrx_word' id='word_1_321' title='bbox 385 3871 465 3933; x_wconf 89' lang='lat' dir='ltr'><strong>sqq.;</strong></span> <span class='ocrx_word' id='word_1_322' title='bbox 499 3853 535 3914; x_wconf 87' lang='lat' dir='ltr'><strong>cf.</strong></span> <span class='ocrx_word' id='word_1_323' title='bbox 567 3853 678 3917; x_wconf 81' lang='lat' dir='ltr'><strong>Aeliani</strong></span> <span class='ocrx_word' id='word_1_324' title='bbox 706 3854 742 3916; x_wconf 88' lang='lat' dir='ltr'><strong>ll.</strong></span> <span class='ocrx_word' id='word_1_325' title='bbox 766 3856 799 3916; x_wconf 83' lang='grc' dir='ltr'><strong>Α.</strong></span> <span class='ocrx_word' id='word_1_326' title='bbox 815 3855 840 3918; x_wconf 93' lang='grc'><strong>11</strong></span> <span class='ocrx_word' id='word_1_327' title='bbox 858 3853 896 3916; x_wconf 83' lang='lat'><strong>13</strong></span> <span class='ocrx_word' id='word_1_328' title='bbox 931 3857 1117 3932; x_wconf 75' lang='lat' dir='ltr'><strong>(testamen</strong></span> <span class='ocrx_word' id='word_1_329' title='bbox 1144 3857 1234 3920; x_wconf 90' lang='lat' dir='ltr'><strong>etiam</strong></span> 
     </span>
     <span class='ocr_line' id='line_1_37' title="bbox 98 3951 1235 4037; baseline 0.003 -22"><span class='ocrx_word' id='word_1_330' title='bbox 98 3953 259 4016; x_wconf 80' lang='lat' dir='ltr'><strong>Claudiano</strong></span> <span class='ocrx_word' id='word_1_331' title='bbox 272 3958 341 4014; x_wconf 90' lang='lat' dir='ltr'><strong>nota</strong></span> <span class='ocrx_word' id='word_1_332' title='bbox 355 3960 459 4031; x_wconf 90' lang='lat' dir='ltr'><strong>poetae</strong></span> <span class='ocrx_word' id='word_1_333' title='bbox 474 3952 505 4013; x_wconf 96' lang='lat' dir='ltr'><strong>in</strong></span> <span class='ocrx_word' id='word_1_334' title='bbox 516 3951 640 4032; x_wconf 82' lang='lat' dir='ltr'><strong>Eutrop.</strong></span> <span class='ocrx_word' id='word_1_335' title='bbox 656 3954 754 4016; x_wconf 86' lang='grc'>11425</span> <span class='ocrx_word' id='word_1_336' title='bbox 766 3957 839 4035; x_wconf 83' lang='lat' dir='ltr'><strong>sq.);</strong></span> <span class='ocrx_word' id='word_1_337' title='bbox 860 3954 938 4018; x_wconf 85' lang='lat' dir='ltr'><strong>codo</strong></span> <span class='ocrx_word' id='word_1_338' title='bbox 951 3957 1172 4037; x_wconf 73' lang='lat' dir='ltr'><strong>mopaitodrteem</strong></span> <span class='ocrx_word' id='word_1_339' title='bbox 1187 3960 1235 4019; x_wconf 87' lang='grc' dir='ltr'><strong><em>ιἰι-</em></strong></span> 
     </span>
     <span class='ocr_line' id='line_1_38' title="bbox 95 4047 1234 4135; baseline 0.003 -21"><span class='ocrx_word' id='word_1_340' title='bbox 95 4055 232 4133; x_wconf 70' lang='lat' dir='ltr'><strong>[atomio</strong></span> <span class='ocrx_word' id='word_1_341' title='bbox 252 4050 435 4131; x_wconf 87' lang='lat' dir='ltr'><strong>respondent</strong></span> <span class='ocrx_word' id='word_1_342' title='bbox 457 4050 614 4130; x_wconf 91' lang='lat' dir='ltr'><strong>Oppianeis</strong></span> <span class='ocrx_word' id='word_1_343' title='bbox 647 4047 742 4135; x_wconf 80' lang='grc' dir='ltr'><strong><em>ὀλίγη</em></strong></span> <span class='ocrx_word' id='word_1_344' title='bbox 771 4048 910 4116; x_wconf 91' lang='grc' dir='ltr'><strong><em>πόντοιο</em></strong></span> <span class='ocrx_word' id='word_1_345' title='bbox 938 4048 1032 4132; x_wconf 80' lang='grc' dir='ltr'><strong><em>χύσις</em></strong></span> <span class='ocrx_word' id='word_1_346' title='bbox 1057 4054 1096 4134; x_wconf 88' lang='lat' dir='ltr'><strong>(v.</strong></span> <span class='ocrx_word' id='word_1_347' title='bbox 1121 4054 1174 4134; x_wconf 83' lang='grc'><strong>78)</strong></span> <span class='ocrx_word' id='word_1_348' title='bbox 1204 4063 1234 4117; x_wconf 88' lang='lat' dir='ltr'><strong>et</strong></span> 
     </span>
     <span class='ocr_line' id='line_1_39' title="bbox 97 4144 1233 4235; baseline 0.002 -22"><span class='ocrx_word' id='word_1_349' title='bbox 97 4150 278 4213; x_wconf 86' lang='lat' dir='ltr'><strong>Plutarcheis</strong></span> <span class='ocrx_word' id='word_1_350' title='bbox 321 4144 476 4233; x_wconf 80' lang='grc' dir='ltr'><strong><em>βράχισις</em></strong></span> <span class='ocrx_word' id='word_1_351' title='bbox 517 4150 560 4212; x_wconf 87' lang='lat' dir='ltr'><strong>rel</strong></span> <span class='ocrx_word' id='word_1_352' title='bbox 585 4149 733 4229; x_wconf 75' lang='grc' dir='ltr'><strong><em>’τέναγος</em></strong></span> <span class='ocrx_word' id='word_1_353' title='bbox 773 4152 818 4214; x_wconf 85' lang='lat' dir='ltr'><strong>rel</strong></span> <span class='ocrx_word' id='word_1_354' title='bbox 854 4151 1010 4235; x_wconf 65' lang='grc' dir='ltr'><strong><em>πορθμὸς</em></strong></span> <span class='ocrx_word' id='word_1_355' title='bbox 1047 4149 1233 4231; x_wconf 79' lang='grc' dir='ltr'><strong><em>δοςέξοόος;</em></strong></span> 
     </span>
     <span class='ocr_line' id='line_1_40' title="bbox 95 4247 1232 4334; baseline 0.003 -20"><span class='ocrx_word' id='word_1_356' title='bbox 95 4258 249 4330; x_wconf 75' lang='lat' dir='ltr'><strong>proctector</strong></span> <span class='ocrx_word' id='word_1_357' title='bbox 270 4248 383 4310; x_wconf 90' lang='lat' dir='ltr'><strong>Plinius</strong></span> <span class='ocrx_word' id='word_1_358' title='bbox 407 4249 486 4328; x_wconf 93' lang='lat' dir='ltr'><strong>quod</strong></span> <span class='ocrx_word' id='word_1_359' title='bbox 509 4247 683 4312; x_wconf 78' lang='lat' dir='ltr'><strong>Plutarchus</strong></span> <span class='ocrx_word' id='word_1_360' title='bbox 706 4248 914 4334; x_wconf 75' lang='grc' dir='ltr'><strong><em>προνήχεται.</em></strong></span> <span class='ocrx_word' id='word_1_361' title='bbox 959 4252 1018 4313; x_wconf 88' lang='lat' dir='ltr'><strong>Sed</strong></span> <span class='ocrx_word' id='word_1_362' title='bbox 1040 4259 1140 4314; x_wconf 72' lang='lat' dir='ltr'><strong>nmen</strong></span> <span class='ocrx_word' id='word_1_363' title='bbox 1163 4253 1232 4334; x_wconf 91' lang='lat' dir='ltr'><strong>quia</strong></span> 
     </span>
     <span class='ocr_line' id='line_1_41' title="bbox 97 4347 1232 4431; baseline 0.003 -20"><span class='ocrx_word' id='word_1_364' title='bbox 97 4349 277 4430; x_wconf 76' lang='lat' dir='ltr'><strong>Chrysippus</strong></span> <span class='ocrx_word' id='word_1_365' title='bbox 299 4366 350 4411; x_wconf 88' lang='lat' dir='ltr'><strong>sua</strong></span> <span class='ocrx_word' id='word_1_366' title='bbox 372 4357 402 4410; x_wconf 86' lang='lat' dir='ltr'><strong>et</strong></span> <span class='ocrx_word' id='word_1_367' title='bbox 423 4349 487 4428; x_wconf 89' lang='lat' dir='ltr'><strong>ipse</strong></span> <span class='ocrx_word' id='word_1_368' title='bbox 508 4347 628 4410; x_wconf 90' lang='lat' dir='ltr'><strong>aliunde</strong></span> <span class='ocrx_word' id='word_1_369' title='bbox 642 4350 774 4413; x_wconf 91' lang='lat' dir='ltr'><strong>hauriret</strong></span> <span class='ocrx_word' id='word_1_370' title='bbox 792 4368 912 4414; x_wconf 87' lang='lat' dir='ltr'><strong>necesse</strong></span> <span class='ocrx_word' id='word_1_371' title='bbox 933 4349 999 4425; x_wconf 85' lang='lat' dir='ltr'><strong>fuit,</strong></span> <span class='ocrx_word' id='word_1_372' title='bbox 1021 4369 1119 4431; x_wconf 88' lang='lat' dir='ltr'><strong>neque</strong></span> <span class='ocrx_word' id='word_1_373' title='bbox 1134 4352 1232 4414; x_wconf 88' lang='lat' dir='ltr'><strong>omnia</strong></span> 
     </span>
     <span class='ocr_line' id='line_1_42' title="bbox 95 4447 1230 4531; baseline 0.004 -19"><span class='ocrx_word' id='word_1_374' title='bbox 95 4447 326 4520; x_wconf 71' lang='lat' dir='ltr'><strong>extrinsecae,</strong></span> <span class='ocrx_word' id='word_1_375' title='bbox 354 4447 463 4510; x_wconf 88' lang='lat' dir='ltr'><strong>rectius</strong></span> <span class='ocrx_word' id='word_1_376' title='bbox 479 4447 638 4530; x_wconf 61' lang='lat' dir='ltr'><strong>,Chrysippi</strong></span> <span class='ocrx_word' id='word_1_377' title='bbox 660 4456 763 4513; x_wconf 85' lang='lat' dir='ltr'><strong>auctor</strong></span> <span class='ocrx_word' id='word_1_378' title='bbox 784 4449 830 4514; x_wconf 89' lang='lat' dir='ltr'><strong>his</strong></span> <span class='ocrx_word' id='word_1_379' title='bbox 854 4449 926 4516; x_wconf 89' lang='lat' dir='ltr'><strong>locis</strong></span> <span class='ocrx_word' id='word_1_380' title='bbox 958 4450 1075 4531; x_wconf 85' lang='lat' dir='ltr'><strong>excerpi</strong></span> <span class='ocrx_word' id='word_1_381' title='bbox 1096 4470 1113 4514; x_wconf 90' lang='lat' dir='ltr'><strong>a</strong></span> <span class='ocrx_word' id='word_1_382' title='bbox 1134 4451 1230 4516; x_wconf 87' lang='lat' dir='ltr'><strong>Plinio</strong></span> 
     </span>
    </p>
   </div>
   <div class='ocr_carea' id='block_1_7' title="bbox 0 0 1456 5040">
    <p class='ocr_par' dir='ltr' id='par_1_7' title="bbox 0 0 1456 5040">
     <span class='ocr_line' id='line_1_43' title="bbox 0 0 1456 5040; baseline 0 5"><span class='ocrx_word' id='word_1_383' title='bbox 0 0 1456 5040; x_wconf 95' lang='lat' dir='ltr'><strong> </strong></span> 
     </span>
    </p>
   </div>
  </div>
 </body>
</html>
