2902 5040
628 306 828 367 ..1.-

158 503 187 555 31
210 513 259 556 133
282 495 319 556 de
342 494 450 576 quibus
474 501 611 573 ageretur
633 494 717 574 quasi
746 495 933 574 adspicienda
962 498 1053 557 oculis
1084 498 1201 559 lectoris
1230 519 1299 580 pro-

156 602 304 672 ponerent
327 600 356 654 31
382 592 463 672 ipsos
485 593 599 654 colores
629 612 746 673 quoque
774 601 862 672 atque
890 594 961 655 adeo
989 597 1220 675 compositiones
1249 618 1300 659 co-

156 693 254 753 lorum
277 691 391 752 curiose
413 697 607 752 sectarentur.
652 691 878 753 Curiosissimus
900 711 972 753 sane
1003 695 1226 774 compositionis
1248 717 1300 758 co-

155 792 252 852 lorum
277 789 398 851 Ovidius
426 789 495 861 iuit;
523 809 557 849 ex
585 807 644 868 quo
672 789 806 867 Zingerle
834 790 866 867 (l.
890 791 907 851 Ι.
930 809 960 869 p.
985 791 1036 862 30)
1066 794 1197 871 exempla
1227 812 1298 855 coa-

156 889 292 951 cervavit.
337 888 451 948 'lamen
475 888 505 948 in
529 889 657 967 catalogo
678 888 804 967 piscium
828 889 889 949 Hal.
907 908 931 950 v.
952 891 1133 951 10731114
1156 893 1298 957 rutilus

155 988 276 1066 phager‚
304 987 398 1047 fulvi
424 986 617 1065 synodontes,
650 987 793 1047 auratis
821 1005 946 1050 murena
976 990 1077 1050 notis
1107 992 1298 1071 merulaeque

153 1087 325 1148 virentes
353 1085 605 1164 ichthyologorum
633 1085 732 1163 potius
760 1086 967 1147 consuetudini
993 1087 1093 1149 deberi
1120 1089 1297 1166 conicietur3

155 1184 244 1247 etiam
268 1187 346 1264 quod
371 1186 407 1247 de
429 1187 550 1265 loligine
573 1187 680 1248 dicitur
703 1207 729 1247 v.
754 1187 831 1248 132:

256 1284 374 1362 nigrum
398 1287 482 1347 niveo
504 1294 626 1365 portans
648 1286 679 1346 in
701 1304 823 1366 corpore
847 1286 926 1347 virus

155 1400 216 1444 non
234 1382 406 1461 exquisitius
423 1383 533 1444 dictum
550 1391 595 1444 est
610 1403 699 1463 quam
714 1385 746 1444 in
762 1386 971 1464 epigrammate
986 1383 1035 1444 illo
1052 1385 1088 1446 de
1104 1384 1183 1464 sepia
1207 1386 1296 1461 (1.1.

153 1481 233 1542 Ries.
259 1480 345 1559 ton:
373 1481 410 1541 Et
431 1483 554 1543 33311333
571 1485 686 1562 piceum
715 1487 793 1562 sepio
815 1483 922 1545 claudit
944 1498 1032 1555 3333;
1060 1483 1098 1543 113
1123 1484 1180 1544 iam
1204 1481 1296 1546 Matre

153 1580 231 1659 apud
247 1579 353 1641 Athen.
368 1599 398 1659 p.
417 1579 517 1641 1350:
541 1575 561 1663 ἢ
583 1577 666 1663 μόνη
692 1579 790 1659 ἰχθὺς
813 1576 896 1644 οὖσα
918 1579 955 1643 τὸ
977 1579 1094 1644 λευκὸν
1116 1580 1171 1642 καὶ
1194 1579 1298 1663 μέλαν

154 1674 256 1740 οἶδεν.

153 1777 227 1838 Illud
250 1793 334 1838 vero:

254 1877 444 1955 caeruleaque
466 1875 576 1938 rubens
601 1876 753 1956 erythinus
775 1876 807 1938 in
831 1876 908 1936 unda

154 1990 230 2066 (Hal.
256 1989 328 2062 104)
357 1989 517 2067 elegantiae
540 1989 639 2050 studio
661 1996 740 2050 recte
771 1988 909 2050 tribuisse
937 1987 1052 2047 videtur
1079 1986 1211 2065 Zingerle
1245 1988 1295 2065 (cf.

153 2089 232 2150 inira
253 2106 280 2167 p.
308 2086 391 2162 112).
436 2088 553 2148 Scilicet
575 2088 662 2149 etiam
678 2087 839 2166 Vergiliana
858 2086 1021 2148 Tibulliana
1041 2085 1109 2147 talia
1125 2087 1295 2148 decantata:

154 2187 282 2267 Namque
297 2187 399 2247 colom
413 2188 506 2248 131113
520 2187 621 2267 sulcus
635 2187 715 2247 Joois
738 2187 841 2248 313313
863 2186 963 2246 331113
978 2219 1019 2228 -
1034 2185 1149 2246 lurore
1163 2189 1296 2247 nitentem

154 2285 319 2365 Lucisemm
345 2289 441 2347 133313
462 2286 585 2347 candido
604 2296 697 2365 portet
723 2288 801 2364 equis
833 2319 870 2327 -—
907 2282 1012 2344 similia
1042 2283 1179 2362 plurima,
1208 2302 1295 2362 prae-

154 2391 245 2446 eunte
267 2384 337 2446 olim
360 2383 483 2445 Catullo.
527 2383 622 2462 Atque
649 2383 753 2443 Catulli
779 2383 959 2444 imitatorem
987 2381 1038 2461 qui
1068 2381 1149 2443 (lirin
1177 2383 1297 2461 scripsit

154 2483 302 2544 observari
324 2489 421 2561 potest
443 2482 579 2543 consulto
608 2482 662 2543 bae
684 2481 715 2542 in
737 2500 770 2542 13
793 2481 919 2560 exempli
942 2481 988 2542 sui
1017 2481 1104 2543 etiam
1133 2480 1296 2543 excoluisse

153 2582 257 2656 verba3
280 2597 349 2640 nam
374 2579 448 2640 Ciris
471 2599 573 2642 versus
596 2581 676 2640 511:

354 2678 521 2757 Purpureas
543 2677 618 2738 ssavo
639 2677 820 2739 retinentem
842 2676 951 2738 vertice
973 2676 1060 2738 vittas

154 2777 285 2839 colorum
309 2776 419 2856 accepit
441 2776 567 2837 alterum
583 2784 700 2837 tantum
722 2794 757 2836 ex
780 2775 937 2837 Catulliani
957 2775 1133 2853 Nuptiarum
1156 2775 1295 2837 carminis

126 2889 129 2895 ·
153 2896 180 2936 1.
204 2874 259 2936 63:

360 2971 427 3032 Non
450 2972 524 3033 11313
546 2972 680 3034 retinens
703 2970 841 3033 subtilem
864 2969 972 3031 vertice
995 2969 1122 3030 mitram.

153 3099 269 3159 Addere
292 3101 418 3159 13113333
440 3097 497 3157 boc
518 3096 631 3158 licebit:
664 3115 731 3158 nam
755 3095 830 3156 Ciris
859 3103 974 3174 poetam
998 3094 1159 3155 Catulliana
1182 3095 1293 3176 quippe

153 3202 354 3258 ostentantem
376 3202 498 3273 apparet
528 3194 639 3256 eisdem
669 3193 726 3254 illis
756 3194 851 3254 verbis
884 3197 1049 3253 1313331331
1077 3197 1181 3253 vertice
1209 3199 1293 3256 311133

153 3295 241 3355 etiam
263 3295 387 3355 alterum
410 3292 510 3353 locum
533 3293 709 3372 Nuptiarum
733 3291 882 3353 imitatum
905 3309 970 3352 esse
993 3291 1043 3370 qui
1059 3291 1230 3357 scribendus
1247 3301 1292 3354 est

152 3390 226 3467 (307
239 3395 333 3471 sqq.):

252 3490 305 3550 His
328 3489 382 3568 (sc.
405 3489 516 3564 Parcis)
533 3506 641 3568 corpus
657 3488 817 3551 tremulum
835 3489 1034 3569 complectens
1058 3489 1189 3569 undique
1202 3490 1292 3552 vestis

254 3587 384 3649 Candida
406 3605 556 3667 purpurea
578 3589 653 3648 talos
675 3589 839 3650 incinxerat
865 3606 925 3649 313.

251 3686 342 3746 Atro
365 3687 428 3747 sed
452 3687 553 3748 niveae
575 3687 742 3748 residebant
765 3687 873 3749 vertice
895 3686 983 3747 vittae
1006 3705 1083 3765 eqs.;

151 3799 247 3873 (codd.
278 3805 446 3872 atrose03
470 3798 603 3860 adhibuit
630 3798 741 3860 scilicet
770 3797 979 3860 adversativam
1008 3797 1182 3876 particulam
1205 3808 1292 3878 poeta

152 3897 272 3958 fatalem
295 3897 423 3958 colorem
447 3896 693 3977 splendidioribus
715 3897 771 3956 illis
795 3897 1006 3977 oppositurus,
1030 3916 1128 3975 neque
1156 3899 1291 3977 aprime

150 3995 231 4056 idem
254 3996 420 4057 sententiae
443 3997 506 4057 loco
525 3996 613 4056 talem
629 4013 782 4055 removere
805 3993 976 4075 dubitabat).
1001 3998 1082 4082 lam
1106 3995 1178 4056 Ciris
1205 4005 1290 4073 poeta

151 4110 224 4154 num
247 4095 326 4154 forte
348 4093 437 4155 etiam
461 4114 542 4156 oram
566 4094 644 4154 illam
668 4093 808 4154 candidae
831 4095 920 4155 vestis
935 4112 1113 4174 purpuream
1137 4093 1167 4154 in
1188 4103 1289 4156 mente

150 4192 257 4254 habuit
279 4191 413 4253 scribens
436 4192 621 4272 putidissime
644 4192 715 4252 baec
738 4193 776 4268 (v.
801 4191 889 4271 tum:

637 4317 759 4378 candida
785 4316 889 4378 Thesei

393 4415 552 4496 Purpureis
574 4417 632 4477 late
653 4415 778 4477 ridentia
806 4415 890 4477 litora
912 4411 1054 4477 conchis?
