2902 5040
604 337 848 399 -197-

158 512 367 575 molestissima
410 513 564 591 diligentia·
609 513 730 576 vocibus
772 514 1048 595 circumscripsisset
1091 515 1205 578 duabus
1247 522 1298 578 aut

158 630 262 691 parom
289 611 364 692 aptis
392 620 442 674 aut
469 613 559 675 etiarn
588 611 703 692 ineptis.
748 613 807 675 hut
828 621 965 694 corrupta
992 614 1079 676 lectio
1102 614 1225 683 dicenda
1247 622 1298 676 aut

158 711 198 771 ita
219 710 429 791 distinguenda
451 719 513 773 est:

558 849 615 923 Qui
637 867 699 910 non
722 848 924 911 moderabitur
944 850 1015 923 irae,

257 951 402 1011 lnlectum
428 949 506 1010 volet
528 968 593 1010 esse
617 948 709 1020 dolor,
733 947 812 1028 quod
834 948 969 1020 suaserit,
992 956 1023 1010 et
1045 966 1128 1010 mens

258 1048 331 1111 llum
354 1067 465 1128 poenas
489 1048 557 1110 odio
579 1066 633 1128 per
656 1048 714 1108 vim
737 1045 858 1109 festinat
879 1047 985 1110 inulto.

257 1145 301 1208 lra
323 1147 407 1209 furor
428 1145 526 1208 brevis
550 1153 605 1209 est.
650 1146 790 1208 Animum
813 1164 889 1224 rege.

157 1310 273 1371 Scilicet
295 1308 373 1389 quod
396 1308 556 1371 iracundus
586 1308 656 1389 (qui
683 1308 744 1371 irae
766 1325 826 1370 nou
848 1308 1071 1390 moderabitur)
1098 1310 1237 1384 suaserit,
1268 1310 1297 1372 id

157 1418 259 1489 postea
283 1409 394 1470 dolor
415 1408 558 1470 iniectum
576 1425 641 1470 esse
656 1407 733 1469 volet
748 1414 837 1488 atquc
852 1425 937 1470 ruens
959 1407 1024 1488 ipsa
1039 1408 1109 1485 (hoc
1130 1416 1190 1471 est:
1214 1410 1298 1472 dolor

157 1516 256 1570 mente
278 1507 462 1588 recuperata)
484 1507 555 1570 dum
584 1507 652 1569 odio
670 1506 775 1589 >inulto
797 1524 940 1587 poenae
963 1507 1032 1569 dare
1055 1507 1188 1588 pervim
1212 1507 1296 1570 lesti-

156 1616 237 1671 nant.
274 1608 357 1669 Haud
381 1626 467 1669 secus
489 1626 522 1668 se
544 1625 609 1668 rem
632 1607 781 1687 accepisse
796 1606 959 1688 Porphyrio
981 1607 1045 1688 ipso
1061 1607 1200 1671 lemmate
1221 1617 1297 1671 atte-

154 1716 260 1771 statur.
303 1705 432 1769 suaserit
455 1706 552 1771 nrinus
576 1714 761 1787 expectatum
784 1705 924 1768 Horatius
947 1708 1133 1787 profecerit.

241 1808 298 1870 Sed
327 1815 458 1869 mentem
479 1807 550 1869 dum
572 1814 669 1870 sector
695 1806 793 1869 inania
826 1816 927 1888 captor
963 1807 1107 1888 propositi
1130 1807 1295 1871 obliviscor.

156 1907 199 1970 dd
221 1913 315 1968 artem
330 1905 438 1968 Tibulli
460 1904 643 1968 attendimus
668 1905 829 1967 metricam.
866 1905 1001 1967 Attendit
1023 1906 1059 1967 ad
1082 1925 1146 1968 eam
1162 1906 1295 1987 Zingerle

155 2025 290 2087 quoque,
320 2005 371 2066 sed
401 2004 510 2076 obiter,
542 2004 621 2086 quod
650 2022 718 2066 vero
741 2004 908 2067 observavit
928 2005 961 2066 iu
982 2024 1011 2085 p.
1028 2005 1079 2081 76,
1106 2005 1137 2066 id
1159 2005 1296 2068 ordinem

155 2104 297 2168 librorum
327 2103 400 2165 meis
422 2102 522 2184 potius
551 2103 683 2164 numeris
713 2103 939 2165 convenientem
967 2104 1165 2180 confirmavit3
1192 2113 1297 2184 penta-

156 2204 242 2265 metri
270 2203 350 2265 enim
381 2201 638 2284 penthemimeren
666 2201 795 2282 priorem
824 2201 1013 2282 spondiacam
1041 2210 1134 2264 totam
1164 2203 1296 2267 Tibullus

154 2303 239 2366 lunxit
260 2302 291 2364 iu
312 2301 414 2363 lihrol
437 2301 528 2363 semel
549 2301 628 2362 inter
650 2298 669 2363 8
691 2301 878 2363 hexametros
901 2299 953 2381 (51
971 2301 1126 2381 exempla),
1149 2302 1166 2363 l.
1182 2302 1208 2363 ll
1222 2303 1294 2365 item

154 2402 246 2463 semel
259 2401 338 2463 inter
354 2399 372 2462 8
390 2398 442 2477 (27
458 2405 527 2480 era,
543 2400 560 2462 l.
578 2399 614 2460 lV
626 2397 710 2458 2-7
727 2407 757 2460 et
774 2397 812 2460 13
824 2417 867 2479 sq.
891 2398 984 2461 semel
1005 2399 1084 2477 inter
1100 2396 1216 2481 bsstld
1228 2401 1295 2483 en).

154 2501 262 2563 Contra
290 2499 435 2581 Sulpiciae
464 2497 683 2581 epigrammatia
699 2497 734 2560 ll'
750 2497 855 2561 8-12
883 2499 1008 2561 eandem
1035 2495 1179 2581 praebent
1206 2503 1297 2564 semel

154 2599 184 2662 in
208 2599 260 2684 2¹4
290 2600 321 2676 (6
343 2603 410 2678 en),
439 2599 606 2679 Lygdamus
634 2598 725 2661 semel
753 2598 784 2659 in
807 2599 826 2657 4
854 2596 908 2678 (36
932 2600 1000 2674 en).
1052 2598 1162 2662 Tibulli
1195 2609 1295 2664 autem

155 2717 273 2761 cumen
288 2697 335 2760 13
358 2697 438 2780 quod
460 2696 695 2760 vetustissimum
728 2715 793 2785 esse
824 2697 990 2777 suspicatus
1018 2716 1084 2760 sum
1119 2697 1208 2762 etiam
1238 2699 1294 2763 hac

153 2799 184 2861 in
216 2817 249 2861 re
282 2797 420 2860 omnihus
448 2794 621 2858 Tibullianis
656 2795 799 2858 vincitur:
835 2793 954 2860 exhibet
987 2797 1067 2859 enim
1100 2797 1292 2878 spondiacam

154 2896 408 2978 penthemimeren
432 2904 538 2977 quater
559 2894 680 2958 deciens
701 2894 747 2957 vel
768 2896 861 2957 semel
886 2894 916 2956 in
933 2893 1294 2974 cameracensem}

154 2997 185 3059 in
208 2996 278 3072 42c3
301 2995 489 3075 elegantiori
505 2994 548 3070 9).

237 3096 339 3177 ltaque
361 3094 432 3156 dum
455 3094 521 3175 quis
544 3093 677 3174 graviora
694 3093 828 3177 opinioni
851 3092 1016 3157 contrariae
1031 3094 1184 3171 obtendet,
1206 3104 1290 3158 stan-

152 3196 224 3257 dum
247 3193 282 3255 ab
304 3193 359 3255 hac
380 3212 445 3257 mea
475 3194 531 3255 erit
553 3212 628 3273 quae
650 3193 737 3257 etiam
760 3192 821 3274 ipsa
844 3212 877 3257 re
899 3192 1028 3257 maxime
1050 3195 1291 3257 commendatur:

151 3294 249 3375 ipsum
282 3290 430 3355 Tibullum
468 3292 541 3355 duos
578 3299 693 3355 mutum
726 3292 817 3354 libros
854 3290 1018 3373 publicasse
1051 3292 1160 3375 (neque
1191 3295 1291 3376 plures

152 3390 273 3456 Ovidius
295 3411 328 3455 se
355 3390 525 3474 cognovisse
551 3390 689 3472 testatur)
722 3391 901 3472 eosdemque
928 3392 996 3455 ideo
1024 3393 1112 3457 etiam
1134 3392 1291 3474 primarios

150 3491 263 3555 fructus
290 3491 360 3555 artis
389 3510 455 3554 esse
478 3488 675 3563 Tibulliauae‚
709 3498 775 3552 tum
797 3490 961 3553 Heroidum
987 3494 1049 3553 fere
1081 3490 1290 3558 Ouidianarum

150 3600 284 3672 tempore
311 3590 392 3652 lusus
414 3589 553 3672 Lygdami
577 3609 642 3653 esse
665 3589 808 3664 adiectos,
841 3597 929 3672 atque
962 3598 1031 3671 post
1060 3591 1142 3654 huuc
1170 3593 1290 3657 demum

150 3690 288 3771 reliquias
323 3689 481 3752 nonnullas
518 3688 625 3751 Tibulli
671 3707 730 3751 una
770 3707 838 3753 cum
871 3688 1017 3770 Sulpiciae
1053 3688 1218 3770 elegidariis
1255 3693 1286 3755 in

149 3789 259 3852 librum
281 3788 409 3850 adlectas
432 3789 622 3871 redactasque
646 3807 711 3852 esse
734 3787 872 3853 ultimum
896 3789 1027 3870 cognitas
1049 3808 1098 3852 eas
1121 3798 1155 3853 ut
1176 3791 1290 3855 videtur

150 3906 213 3951 non
234 3896 302 3950 ante
324 3896 428 3968 poetae
451 3886 575 3950 obitum.

234 3987 419 4049 Advocamur
434 3986 522 4048 etiam
537 3986 695 4049 Venusinis
711 3986 856 4049 Camenis.
880 3991 1020 4050 Attamen
1036 4005 1136 4050 earum
1151 3987 1209 4051 hoc
1224 3988 1288 4051 loco

149 4086 195 4148 vel
222 4087 364 4167 imperata
392 4085 556 4148 obtrectare
585 4084 697 4148 malim.
741 4085 814 4148 Nam
842 4087 897 4148 Ars
919 4083 1037 4149 Poetica
1059 4085 1288 4150 Horatianorum

149 4185 291 4248 librorum
327 4185 448 4248 ultimus
481 4202 627 4247 consensu
648 4184 711 4247 lere
743 4182 915 4258 habebatur,
950 4185 1035 4265 eique
1063 4185 1170 4249 iudicio
1198 4187 1286 4249 etiam

150 4285 278 4347 metricis
293 4285 365 4348 meis
378 4284 632 4348 observationibus
644 4283 752 4346 mhum
767 4293 911 4365 quantum
928 4284 1045 4348 roboris
1058 4285 1126 4348 addi
1137 4305 1170 4348 ac
1182 4285 1287 4349 virium

150 4384 222 4446 mihi
247 4383 343 4445 visum
366 4392 412 4446 eet
438 4383 493 4463 (hd
516 4384 581 4446 hex.
603 4383 652 4445 lat.
675 4382 742 4446 hist
766 4402 795 4464 p.
813 4382 852 4445 38
870 4393 899 4446 et
917 4382 972 4458 133
994 4385 1032 4446 cl.
1048 4404 1076 4466 p.
1094 4384 1157 4467 28).
1201 4385 1287 4447 Nunc

150 4501 218 4545 vero
240 4503 256 4545 a
279 4501 425 4546 consensu
445 4484 503 4546 isto
522 4482 665 4546 divertere
680 4482 848 4564 tdorphum
863 4482 1034 4549 Michaelem
1050 4483 1133 4547 rideo
1155 4484 1187 4547 in
1203 4502 1284 4551 com-
