2902 5040
608 295 850 359 -124-

158 475 253 536 rivum
279 475 451 556 fontemque
477 473 660 536 uberrimum
688 472 796 552 pariter
822 470 929 533 adiisse
955 471 1107 535 indicares.
1146 471 1248 551 ltaque
1268 471 1301 532 in

158 575 297 637 carminis
324 575 459 654 exemplo
479 575 532 634 has
559 572 679 653 quidem
706 589 768 631 non
794 569 987 646 invenerant3
1015 571 1094 632 unde
1120 570 1209 648 igitur
1235 580 1301 632 orta

158 674 271 735 consilii
297 674 391 754 ipsius
417 668 600 735 consensio?
635 670 769 732 Tertium
796 688 857 731 non
884 669 967 731 video
993 669 1043 731 sed
1070 678 1121 731 aut
1147 669 1184 730 ad
1211 669 1301 731 fortis

156 774 294 834 fortunae
309 772 449 835 auxilium
465 770 618 852 explicatio
633 775 766 831 recurret
788 775 839 830 aut
854 776 1010 839 statuetur,
1027 768 1107 849 quod
1122 767 1211 830 statui
1227 787 1300 829 sane

158 890 219 933 non
235 870 464 952 improbabiliter
479 869 603 950 poterit,
625 869 725 949 ipsum
741 868 826 930 Ovidi
848 867 1000 929 clarissimi
1022 866 1200 929 halieuticon
1215 867 1301 946 frag-

159 979 292 1032 mentum
314 978 343 1031 et
357 978 462 1031 notum
481 968 615 1049 Oppiano
632 969 712 1029 etad
730 985 850 1029 manum
867 967 958 1028 fuisse
972 973 1060 1046 atque
1086 973 1120 1028 ut
1144 985 1206 1027 rem
1235 985 1302 1026 arn-

157 1068 282 1150 pliorem
306 1067 458 1130 exhiberet
472 1067 556 1128 Ovidi
580 1067 713 1147 exemplo
735 1067 888 1129 incitatum
905 1066 1082 1147 Chrysippea
1103 1066 1211 1146 scripta
1227 1065 1300 1126 doc-

156 1168 272 1230 tissimo
303 1167 408 1247 cuique
435 1167 470 1230 ad
497 1167 572 1229 viam
598 1165 722 1228 iacentia
749 1167 847 1246 ipsum
874 1183 993 1246 quoque
1019 1164 1174 1238 evoluisse,
1204 1182 1301 1244 eaque

157 1274 303 1346 quatenus
328 1266 460 1346 placebat
486 1266 675 1346 excerpsisse,
706 1275 737 1327 et
758 1264 899 1326 Ouidiana
932 1273 962 1325 et
982 1282 1059 1343 quae
1085 1263 1201 1325 residua
1228 1263 1301 1324 Ovi·

157 1364 222 1426 dius
242 1365 410 1445 reliquerat
443 1367 524 1439 Quae
546 1365 712 1427 coniectura
733 1365 759 1425 si
778 1363 922 1425 obtinebit
936 1398 978 1406 —
992 1380 1092 1442 neque
1107 1381 1160 1442 ego
1174 1362 1299 1424 alteram

157 1465 240 1526 video
255 1503 306 1538 —,
332 1464 540 1526 similitudines
568 1463 695 1545 Oppiani
722 1463 811 1525 etiam
837 1463 964 1543 reliquas
991 1462 1093 1524 eadem
1119 1461 1236 1523 ratione
1261 1480 1300 1523 ex

156 1562 240 1624 Ovidi
268 1562 453 1643 explicandas
478 1562 606 1624 lectione
632 1582 697 1624 esse
722 1562 801 1623 bunc
821 1569 852 1623 et
877 1561 960 1623 illum
986 1560 1168 1623 contendere
1193 1561 1298 1622 audio:

156 1661 328 1724 divisionem
359 1663 492 1723 locorum
521 1663 676 1742 ipsamque
706 1662 831 1742 piscium
861 1659 1102 1724 distributionem
1139 1660 1171 1721 in
1206 1659 1299 1722 latino

155 1762 287 1841 exemplo
313 1778 379 1822 cum
396 1759 510 1832 viderit,
538 1780 627 1823 novas
643 1760 809 1841 Oppianum
836 1760 1045 1840 plenioresque
1070 1777 1171 1820 rerum
1196 1758 1298 1840 copias

157 1859 360 1941 anquisirisse‚
388 1859 478 1921 simul
503 1877 557 1939 pro
583 1879 671 1940 prava
696 1859 774 1922 illius
800 1857 984 1938 neglegentia
1010 1864 1109 1938 aptam
1136 1876 1237 1921 curam
1263 1878 1299 1922 ao

156 1959 337 2038 diligentiam
353 1958 553 2038 impendisse,
582 1959 614 2020 in
643 1958 732 2021 rebus
759 1959 910 2021 nonnullis
935 1958 1063 2020 fortasse
1088 1958 1141 2019 sed
1167 1958 1298 2038 parvulis

155 2059 242 2121 etiam
269 2057 448 2138 expressisse
473 2057 572 2130 latina,
598 2066 677 2121 certe
702 2077 805 2122 versus
827 2057 955 2139 Oppiani
977 2056 1297 2137 {easqrnterpreta-

155 2159 265 2219 tionem
293 2176 358 2220 esse
387 2175 526 2220 versuum
541 2158 627 2220 Ovidi
642 2158 735 2240 92sq.
771 2159 866 2231 Quam
892 2176 946 2238 ego
973 2157 1172 2218 coniecturam
1199 2175 1298 2237 neque

153 2275 213 2336 quo
236 2257 323 2337 plane
342 2256 448 2318 falsam
473 2276 539 2318 esse
554 2258 758 2321 demonstrem
775 2256 881 2331 habeo,
903 2275 1000 2337 neque
1014 2262 1114 2317 tamen
1129 2254 1218 2318 talem
1233 2256 1297 2317 exi-

154 2363 252 2417 stumo
279 2356 326 2417 cui
352 2356 486 2417 animum
513 2356 687 2419 subtrahere
714 2357 837 2417 omnino
852 2373 913 2417 non
928 2355 1032 2435 possis.
1064 2355 1199 2417 Primum
1214 2354 1296 2417 enirn

154 2455 219 2535 quis
245 2453 443 2533 fragmentum
470 2454 528 2517 hoc
553 2454 721 2517 mutilatum
753 2454 899 2534 nimisque
926 2454 1043 2516 difficile
1071 2453 1107 2516 ad
1136 2454 1297 2533 legendum

153 2552 209 2614 sibi
229 2553 415 2632 sequendum
430 2553 623 2633 proposuisse
638 2553 807 2634 Oppianum
833 2553 925 2633 magis
952 2554 1052 2615 credat
1076 2572 1165 2634 quam
1190 2572 1295 2633 graeca

152 2651 360 2714 carminarem
378 2652 503 2714 eandem
526 2664 555 2714 et
570 2653 688 2734 planius
707 2663 737 2717 et
757 2653 873 2734 plenius
893 2649 1072 2715 tractantis?
1101 2652 1214 2715 Deinde
1228 2671 1293 2715 rem

152 2767 213 2811 non
240 2751 278 2812 ita
295 2750 445 2831 Oppianus
472 2761 522 2813 aut
547 2754 639 2832 gessit
665 2761 717 2815 aut
742 2753 860 2833 digessit
886 2759 920 2813 ut
945 2752 1013 2813 duci
1035 2753 1105 2824 dum
1129 2751 1232 2814 scribit
1257 2751 1294 2814 ab

153 2849 256 2910 Ouidio
272 2850 318 2911 vel
332 2851 479 2930 respicere
494 2851 632 2915 Ovidium
649 2852 811 2925 videretur3
835 2853 928 2913 immo
954 2851 1124 2914 communia
1149 2851 1183 2914 in
1202 2851 1293 2913 dissi-

153 2948 290 3011 dentibus
310 2966 372 3009 non
393 2949 451 3011 nisi
473 2970 544 3013 casu
563 2951 691 3032 quodam
707 2952 838 3031 dispersa
859 2958 1032 3013 cernuntur.
1062 2949 1139 3012 'l'um
1154 2969 1223 3013 vero
1238 2970 1292 3013 ex-

153 3047 261 3127 plicare
277 3047 413 3128 cupimus
440 3049 470 3110 id
497 3068 615 3130 quoque
630 3051 700 3131 quid
724 3051 844 3113 tandem
859 3050 895 3112 ad
910 3069 963 3112 sua
979 3049 1193 3130 qualiacunque
1207 3069 1293 3112 com-

153 3146 289 3227 ponenda
306 3166 339 3208 ac
354 3146 539 3227 disponenda
560 3149 659 3229 ipsum
675 3149 798 3211 latinum
821 3157 937 3230 poetam
958 3149 1121 3229 impulerit;
1139 3149 1189 3212 hic
1211 3150 1292 3212 enim

152 3246 331 3307 inventionis
358 3265 418 3324 quo
444 3266 538 3328 usqne
563 3249 648 3329 inops
673 3248 772 3324 fuerit,
796 3249 860 3330 ipsa
887 3249 1018 3329 primore
1043 3248 1183 3310 carminis
1208 3259 1294 3329 parte

153 3345 251 3406 doceri
266 3354 394 3424 poteras.

237 3444 341 3524 Neque
366 3444 477 3507 scilicet
501 3445 655 3509 halieutica
680 3465 742 3508 non
762 3446 935 3526 legebantur
950 3454 1017 3508 ante
1033 3446 1168 3509 Ovidium
1184 3447 1292 3510 falsum

152 3560 254 3621 graece
269 3544 376 3622 scripta
392 3553 480 3625 atque
495 3545 541 3606 his
556 3544 628 3625 ipsis
640 3546 795 3608 consilium
810 3546 957 3608 scribendi
969 3546 1052 3609 latini
1066 3547 1205 3609 miminis
1218 3566 1292 3610 num

152 3649 255 3703 natum
282 3642 371 3704 fuerit
392 3644 555 3708 deliberare
584 3664 646 3707 non
676 3653 771 3726 potes.
814 3645 987 3708 llxaminato
1014 3646 1145 3708 carmine
1167 3664 1203 3707 ex
1225 3665 1291 3709 vera

150 3740 286 3821 piscandi
311 3752 372 3804 arte
397 3754 516 3825 sumpta
544 3732 722 3807 videbuntur
748 3764 823 3825 quae
850 3753 967 3806 exstant
992 3753 1060 3827 post
1078 3767 1105 3808 v.
1122 3747 1291 3810 uastante

151 3859 178 3902 v.
194 3839 251 3901 92:
280 3859 341 3903 non
368 3851 483 3905 vastum
509 3844 646 3925 pelagum
661 3844 800 3925 piscatori
824 3845 1033 3925 temptandum
1054 3865 1127 3919 esse,
1153 3847 1205 3908 sed
1222 3866 1290 3930 pre·

151 3939 258 4001 menda
284 3941 384 4015 litora,
411 3942 519 4005 deinde
546 3943 691 4006 curandas
718 3963 783 4007 esse
807 3945 932 4025 piscium
958 3946 1114 4022 stationes,
1140 3964 1209 4007 cum
1235 3966 1289 4028 pro

150 4044 255 4100 natura
279 4058 332 4101 sna
358 4040 432 4102 alius
458 4042 510 4118 alia
538 4052 566 4104 et
592 4051 721 4104 sectetur
747 4052 775 4105 et
801 4043 936 4124 refugiat.
973 4045 1029 4107 Ubi
1044 4064 1112 4106 vero
1128 4045 1290 4108 discribere

149 4138 289 4201 stationes
304 4140 535 4219 adgrediendum
551 4151 615 4205 erat
632 4143 701 4204 inde
716 4162 731 4204 a
747 4163 773 4205 v.
790 4141 830 4202 92
845 4144 981 4223 fatigatus
997 4145 1200 4224 remissusque
1221 4144 1290 4206 hinc

149 4235 217 4298 inde
238 4240 359 4301 nomina
385 4258 488 4319 parum
514 4242 592 4304 inter
616 4260 648 4304 se
674 4243 878 4306 convenientia
904 4245 1030 4325 scriptor
1052 4243 1176 4305 coniecit
1200 4251 1288 4324 atque

150 4337 223 4398 adeo
236 4337 315 4418 ipsos
329 4339 381 4401 alti
395 4340 489 4421 pelagi
503 4341 624 4415 incolas,
639 4361 714 4423 quos
726 4343 866 4422 piscatori
877 4361 963 4406 curae
975 4362 1035 4406 non
1048 4363 1113 4406 esse
1125 4363 1152 4407 v.
1165 4342 1205 4406 83
1218 4361 1287 4424 pro·

149 4435 244 4499 fessus
266 4446 343 4515 erat3
364 4439 454 4502 simul
474 4458 542 4502 vero
562 4441 619 4504 hoc
639 4442 711 4504 illud
725 4443 816 4505 etiam
836 4462 872 4506 ex
885 4462 992 4524 prosae
1007 4443 1150 4506 orationis
1165 4443 1288 4526 adaper-

129 4744 195 4757 a*
