2902 5040
601 310 845 375 -163-

148 487 271 568 singulis
293 488 495 568 generibus
511 487 633 551 dicere
649 507 680 550 se
697 488 813 567 negavit
829 487 886 550 nisi
903 488 1013 559 alias,
1029 505 1110 551 nunc
1123 477 1290 566 insignia

149 589 354 651 tantummodo
370 596 560 660 tractaturus,
583 587 639 650 hoc
661 587 728 649 libri
751 588 823 653 norri
846 587 945 651 officio
968 606 1001 651 ac
1024 596 1147 652 naturae
1168 586 1292 650 minime

148 686 357 762 conveniebat;
370 705 467 767 neque
480 686 575 766 aptius
586 685 719 766 prolecto
732 685 856 766 piscium
870 685 1111 764 generasiogula‚
1122 684 1148 746 si
1159 684 1292 754 omnino,

150 784 181 846 in
205 786 425 851 medicinalibus
447 785 529 849 libris
552 785 735 848 dicebantur.
779 783 962 864 Perspicitur
983 784 1111 847 Plinium
1133 791 1291 862 postquam

149 903 306 946 numerum
330 884 455 964 piscium
479 892 539 947 tam
563 901 702 963 magnum
726 882 814 944 simul
844 892 873 948 et
895 891 956 944 tam
978 881 1150 945 distinctum
1174 896 1292 943 memo-

149 984 231 1055 ravit,
253 984 311 1045 iam
334 985 482 1063 agendum
506 1002 625 1064 quoque
647 983 684 1043 de
706 980 847 1045 omnibus
870 1001 935 1044 esse
957 980 1135 1045 intellexisse
1154 978 1293 1059 scriptori

150 1082 282 1161 diligenti
305 1084 350 1145 vel
373 1084 469 1162 agenti
497 1101 607 1145 serere.
652 1081 737 1155 Quod
767 1096 877 1147 munus
911 1082 1036 1143 maxime
1069 1079 1292 1143 incommodum

151 1191 184 1242 ut
212 1181 388 1260 srrtlugcret,
420 1183 455 1243 ad
490 1191 610 1262 tempus
643 1181 783 1243 lectorem
811 1180 960 1259 posterius
983 1180 1137 1260 produxit,
1164 1179 1217 1240 sed
1240 1195 1293 1257 spe

150 1281 231 1342 falsa.
275 1281 349 1343 Nam
374 1281 517 1343 nimirum
540 1281 631 1343 dicere
654 1280 687 1356 de
709 1279 808 1360 eliqua
829 1297 862 1341 re
883 1279 961 1340 idem
986 1286 1032 1340 est
1053 1287 1143 1358 atque
1166 1283 1293 1338 tractare

150 1397 224 1449 rem,
248 1381 290 1441 rei
313 1380 456 1460 explicare
479 1389 627 1442 naturam.
672 1378 822 1458 Nusquam
852 1377 952 1457 itaque
974 1386 1076 1439 uotum
1097 1376 1211 1439 Plinius
1232 1375 1293 1437 sol-

151 1479 200 1550 vit,
233 1479 475 1559 quandoquidem
508 1479 539 1540 in
571 1477 638 1539 libri
670 1476 777 1539 xxxll
814 1477 873 1539 fine
903 1477 943 1538 de
979 1477 1103 1557 piscium
1131 1473 1287 1554 generibus

151 1577 379 1658 haudquaquam
404 1578 496 1640 dicit
518 1576 575 1653 ille,
599 1576 650 1638 sed
676 1574 899 1639 nominatim
931 1584 1050 1639 tantum
1072 1574 1169 1654 pisces
1192 1591 1295 1634 com-

151 1675 262 1755 plecti
285 1695 317 1736 se
340 1676 382 1738 ait
404 1676 640 1754 nominatimque
662 1674 877 1754 complectitur.
1131 1734 1134 1741 ,

171 1822 174 1826 ,
235 1774 401 1838 Dilucidum
436 1783 585 1856 praeterea
619 1782 666 1837 cst
697 1774 722 1835 si
746 1773 859 1837 Plinius
882 1772 978 1834 1x43
1006 1771 1043 1834 ad
1065 1787 1206 1834 numeros
1229 1769 1294 1830 illos

151 1873 283 1937 diversos
305 1881 368 1935 tres
390 1882 420 1934 et
441 1873 567 1953 piscium
592 1880 622 1934 et
636 1871 772 1935 modium
793 1879 824 1932 et
839 1872 947 1934 crustis
970 1872 1150 1933 intectorum
1172 1868 1295 1929 nomina

151 1972 215 2051 ipsa
242 1991 360 2053 quoque
391 1982 528 2055 prompta
558 1981 588 2034 et
611 1981 713 2052 parata
734 1971 770 2033 ab
800 1972 924 2033 eodem
952 1980 1071 2033 auctore
1092 1966 1226 2040 habebat,
1255 1967 1295 2029 ibi

152 2071 273 2133 nomina
307 2092 425 2153 quoque
458 2079 558 2133 exacte
589 2071 681 2134 fuisse
709 2071 836 2137 discreta
864 2090 900 2132 ac
921 2071 1077 2134 distributa
1100 2087 1152 2148 per
1174 2066 1294 2128 eosdem
1331 2097 1333 2101 ,

153 2178 213 2231 tres
237 2172 371 2243 ordinem
399 2173 478 2251 quod
501 2171 568 2252 quia
593 2170 716 2233 minime
740 2171 777 2231 de
797 2168 864 2232 libri
887 2169 993 2231 xxxi}
1017 2168 1174 2230 nominum
1201 2169 1296 2227 farra·

152 2269 218 2346 gine
242 2272 316 2332 ualet
338 2272 444 2351 partim
468 2271 564 2334 ordini
586 2269 659 2333 nulli
682 2270 787 2350 partim
804 2269 986 2350 alphabetico
1001 2268 1179 2349 parentium,
1201 2273 1294 2327 totam

153 2369 229 2431 hanc
251 2369 364 2434 Plinius
387 2390 477 2452 quam
498 2370 674 2450 farraginem
700 2369 756 2431 diui
784 2369 815 2437 in
838 2386 919 2432 nono
941 2369 1016 2431 libre
1040 2367 1162 2429 minime
1183 2363 1295 2444 cogita·

154 2467 211 2529 bat.
256 2468 316 2530 lam
340 2469 516 2554 meminerat
538 2469 659 2550 quidem
683 2469 819 2549 promissi
841 2468 888 2533 sui
911 2467 1137 2548 complendique
1163 2463 1294 2544 speciem

152 2568 446 2650 quantulamcunque
468 2568 618 2648 captabat3
652 2567 776 2630 nomina
810 2567 903 2629 multa
931 2566 1000 2632 hino
1031 2566 1113 2629 illinc
1141 2565 1171 2627 in
1200 2578 1294 2625 unum

152 2665 335 2741 coniciebat3
358 2667 409 2729 sed
431 2667 534 2730 falsam
549 2667 625 2730 hanc
647 2666 777 2745 speciem
800 2685 865 2731 esse
886 2666 950 2746 ipse
972 2664 1108 2727 conscius
1129 2663 1204 2725 fuit:
1226 2661 1294 2723 ideo

151 2767 333 2846 perscienter
356 2765 511 2831 distinctos
539 2783 682 2827 numeros
696 2764 810 2827 LXXIV
833 2773 862 2826 et
884 2764 934 2827 XL
957 2772 987 2827 et
1008 2761 1090 2827 XXX
1110 2761 1242 2843 primum
1264 2759 1295 2820 in

152 2883 241 2928 unam
263 2883 414 2929 summam
437 2864 548 2928 CXLIV
571 2871 738 2927 contractos
760 2863 923 2943 proposuit,
956 2862 1062 2927 deinde
1093 2879 1160 2922 uero
1194 2857 1297 2921 nomi-

152 2981 224 3027 num
258 2963 369 3027 nubem
401 2963 626 3026 innumerorum
656 2962 719 3025 fere
749 2961 861 3024 lassatis
889 2963 1033 3023 lectorum
1057 2960 1151 3021 oculis
1173 2956 1296 3030 obiecit3

153 3081 251 3144 neque
283 3063 338 3126 ista
372 3064 448 3125 male
481 3063 507 3124 ei
536 3061 625 3124 cessit
651 3061 742 3123 fraus.
788 3060 927 3122 Ceterum
958 3055 1294 3147 centumquadraginta

153 3171 292 3245 quattuor
314 3163 409 3242 pisces
432 3181 497 3224 esse
522 3173 553 3224 ut
575 3160 707 3223 isidorus
729 3159 799 3223 hinc
821 3158 943 3238 accepit,
973 3157 1013 3221 ita
1036 3157 1125 3219 ctiam
1149 3154 1297 3234 Hierony·

153 3281 236 3325 mum
259 3262 339 3325 hunc
362 3262 439 3325 Plini
468 3261 565 3325 locum
594 3259 759 3339 inspexisse
782 3257 957 3323 crediderim
982 3257 1081 3337 quode
1103 3274 1153 3317 me
1176 3253 1299 3316 monuit

153 3361 364 3441 elegantissima
387 3361 511 3427 Useneri
534 3359 668 3421 doctrina
691 3357 747 3418 uiri
770 3356 922 3421 clarissimi
944 3375 978 3419 ac
1002 3373 1068 3417 meo
1092 3353 1193 3416 nescio
1222 3370 1297 3415 num

152 3478 253 3522 amore
277 3460 427 3537 magisne
451 3458 644 3523 admiratione
669 3456 842 3528 vermandi3
876 3456 1072 3534 Hieronymus
1103 3453 1184 3514 cuim
1207 3451 1296 3515 Com-

156 3567 245 3625 nent.
272 3559 303 3622 in
326 3559 471 3623 Ezechiel.
486 3557 548 3619 XIV
566 3558 606 3619 tr
617 3556 762 3632 ·(Vallarsi
785 3556 830 3618 ed.
852 3556 940 3619 altera
964 3545 1020 3616 tv
1035 3572 1065 3634 p.
1081 3551 1157 3631 595)
1179 3550 1297 3630 scripsit

153 3658 242 3719 haec:
266 3657 432 3729 „Dominus
455 3657 537 3720 lesus
560 3661 651 3718 venite
673 3657 711 3717 ed
731 3674 777 3719 me
798 3656 955 3735 etfaciam
976 3655 1191 3732 coepiscorum
1205 3650 1296 3712 lomi-

153 3776 241 3831 num3
275 3757 314 3820 de
345 3757 452 3836 quibus
479 3766 508 3819 et
539 3756 679 3821 ieremias
712 3773 772 3819 ecce
800 3772 849 3833 cqc
877 3757 967 3834 iuquit
988 3756 1099 3815 sedtum
1131 3753 1294 3830 piscatores.

155 3855 191 3916 Et
213 3855 356 3934 plurimae
378 3855 489 3934 specics
522 3855 617 3917 immo
648 3872 762 3932 genera
787 3853 912 3934 piscium
941 3860 1026 3917 erant
1046 3851 1077 3911 in
1101 3849 1175 3911 mari
1197 3866 1295 3928 quon-

155 3955 221 4017 dam
246 3961 377 4015 mortuo.
420 3956 502 4025 Quos
524 3953 623 4033 pisces
649 3954 685 4014 ad
715 3953 864 4017 dexteram
888 3961 1004 4033 partem
1026 3949 1147 4013 iubente
1169 3947 1298 4009 Domino

155 4053 280 4115 extraxit
305 4052 413 4115 Petrus
446 4059 476 4111 et
509 4059 596 4113 erant
617 4050 717 4113 Cllll:
750 4050 791 4113 ita
818 4059 852 4115 ut
878 4068 949 4130 prae
978 4049 1168 4113 multitudine
1191 4064 1294 4111 eornm

155 4152 229 4213 retia
250 4159 474 4231 rumperentur.
511 4150 601 4212 Aiunt
623 4159 723 4213 autern
745 4150 796 4230 qui
819 4151 861 4211 de
884 4149 1130 4212 animantium
1152 4146 1296 4227 scripsere

155 4251 308 4313 naturis·
325 4258 355 4314 et
377 4250 566 4331 proprietate,
601 4249 653 4329 qui
682 4238 854 4312 ἁλιευτικὰ
880 4257 941 4310 tam
964 4247 1054 4310 latino
1081 4266 1168 4327 quam
1191 4263 1295 4326 graeco

156 4348 284 4413 didicere
306 4367 453 4424 sermone,
475 4349 512 4410 de
535 4348 642 4428 quibus
657 4347 809 4428 Oppianus
826 4346 898 4409 Cilix
920 4355 974 4414 est,
997 4355 1082 4424 poeta
1098 4346 1299 4416 doctissimus,

156 4459 306 4510 centum
336 4448 607 4529 quinquaginta
637 4448 710 4509 tria
741 4465 823 4538 esse
853 4462 989 4523 genera
1013 4444 1186 4525 piscium:
1221 4464 1296 4526 quac

1086 4546 1136 4600 11*
