2902 5040
605 291 848 356 -152-

155 469 341 554 φωλοῦντες
366 465 497 552 ἥδισται
520 472 593 532 haec
615 467 812 531 transcribere
833 467 983 547 interpres
1005 465 1171 545 supersedit
1193 464 1297 527 similis

155 573 208 633 loci
230 571 401 632 recordatus
422 570 472 632 br.
488 588 515 648 p.
532 569 662 629 571ίῖ
685 585 814 646 eumque
836 565 950 628 rettulit
972 566 1052 628 hunc
1072 564 1106 625 in
1128 564 1277 625 modumz.

154 694 415 774 pinguescunt,
444 703 478 754 et
499 693 535 754 in
570 700 709 753 tantum
738 688 1051 773 διαρρήννονται
1088 685 1134 750 dd
1163 686 1230 750 nul
1260 685 1299 750 oi

155 803 193 855 ut
243 791 452 867 dehiscant3
505 790 579 853 vita
626 792 711 852 lon·
739 786 882 853 θύννοι
912 784 988 853 ὑπὸ
1017 786 1086 870 τῆς
1111 785 1298 870 πιμελῆς·

154 890 308 971 gissima
330 891 385 952 his
409 888 543 952 bienni.
742 885 836 960 ζῶσι
863 883 899 951 d'
926 885 991 970 ἔτη
1017 882 1095 949 dria.

153 1021 266 1084 Deinde
289 1008 358 1082 vero
380 1021 417 1082 ad
440 1021 489 1083 dr.
512 1040 540 1101 p.
561 1020 663 1082 602A
686 1018 727 1080 27
750 1039 848 1081 sermo
870 1017 1011 1081 declinat:
1045 1036 1132 1099 quam
1168 1014 1297 1078 fabulam

155 1120 246 1182 miror
269 1137 330 1180 non
352 1119 395 1180 sio
416 1117 516 1181 induci
540 1138 555 1179 a
579 1117 688 1180 Plinio:
712 1117 806 1180 asilus
828 1116 939 1179 animal
960 1128 999 1178 eat
1018 1133 1145 1196 parvum
1160 1134 1223 1195 eqs.

239 1218 300 1279 lam
326 1236 394 1280 vera
416 1217 557 1280 sistamus
580 1219 700 1298 pedem3
735 1235 804 1279 nam
837 1217 868 1278 in
901 1216 1051 1278 inlinitum
1085 1213 1209 1295 expandi
1243 1213 1299 1277 ista

155 1326 298 1397 poterunt
332 1337 430 1398 neque
463 1328 563 1378 tamen
591 1335 646 1378 nos
667 1316 781 1378 infinita
804 1316 953 1378 molimur.
998 1315 1031 1376 ld
1053 1333 1124 1376 vero
1146 1313 1217 1376 satis
1238 1312 1298 1375 iam

155 1425 342 1496 perspectum
366 1415 487 1477 babebis
511 1424 596 1477 caute
619 1415 666 1476 edi
689 1414 816 1476 Plinium
840 1433 901 1476 non
924 1431 1013 1494 posse
1036 1412 1093 1475 nisi
1115 1413 1151 1474 ad
1175 1410 1299 1474 verbum

156 1532 224 1575 cum
246 1512 417 1575 auctoribus
441 1513 503 1574 suis
526 1520 674 1595 quatenus
696 1521 812 1575 exstant
834 1519 1053 1594 comparatnm3
1087 1510 1176 1572 veluti
1210 1510 1299 1573 etiam

156 1611 191 1672 ad
226 1611 397 1674 adornanda
421 1611 508 1673 verba
525 1611 564 1674 IX
581 1608 636 1674 58:
664 1611 849 1691 fluviatilium
881 1611 991 1673 silurus
1019 1609 1166 1671 caniculae
1195 1619 1300 1673 euortu

156 1710 301 1771 rideretur
324 1720 350 1771 et
372 1709 446 1772 alim
466 1728 577 1789 semper
602 1710 722 1791 sulpure
744 1713 868 1791 sopitum
900 1710 951 1771 bac
973 1720 999 1771 et
1019 1711 1051 1770 iu
1071 1712 1152 1770 mari
1171 1708 1300 1770 accidere

156 1810 273 1888 cyprino
290 1819 396 1890 piatam
418 1807 585 1870 Aristotelis
607 1808 709 1888 legisse
739 1806 826 1869 verba
847 1808 972 1871 interest
998 1827 1027 1888 p.
1044 1806 1106 1867 602
1121 1805 1144 1866 Β
1160 1805 1299 1889 20sqq.:

155 1897 226 1981 τοῖς
256 1903 293 1967 dd
323 1909 550 1988 ποταμίοις
578 1905 646 1968 καὶ
676 1904 884 1988 λιμναίοις
1024 1902 1098 1967 ἴδια
1127 1900 1300 1987 νοσήματα

155 2000 318 2085 ἐμπίπτει
344 2001 417 2069 οίον
442 2001 581 2082 ricimer
607 2000 683 2068 ὑπὸ
710 2000 804 2067 κύνα
828 1999 974 2086 μάλιστα
999 2000 1059 2065 διὰ
1078 2001 1116 2066 ad
1137 2003 1300 2086 μετέωρος

156 2111 227 2166 νεῖν
253 2095 474 2187 ἄστροβίιίς
500 2126 539 2166 τε
571 2105 727 2181 γίνεται
757 2100 821 2164 καὶ
851 2097 929 2164 ὑπὸ
956 2101 1119 2185 βροντῆς
1148 2100 1301 2184 νεανικῆς

156 2201 360 2283 saporivae.
413 2198 563 2281 πάσχει
604 2195 648 2265 δέ
686 2221 781 2265 ποτε
820 2201 937 2263 τοῦτο
978 2198 1045 2262 καὶ
1081 2208 1299 2282 κυπρῖνος,

156 2290 271 2383 ἧττον
292 2297 347 2374 dm
378 2303 478 2382 itaque
502 2301 573 2362 illud
596 2302 674 2382 quod
698 2309 743 2362 est
764 2304 796 2362 iu
818 2304 895 2362 mari
915 2300 994 2381 quod
1025 2319 1129 2381 graece
1164 2315 1225 2360 non
1250 2317 1303 2360 ex-

156 2399 295 2480 primitur
316 2399 392 2461 bene
415 2406 469 2473 est,
492 2417 588 2479 neque
611 2399 690 2461 enim
714 2406 829 2478 poterat
850 2397 937 2461 scribi
961 2397 1062 2460 abillo
1079 2397 1129 2479 qui
1146 2397 1301 2477 cyprinum

156 2497 331 2559 decantabat
352 2515 414 2559 non
436 2497 583 2577 pelagium
607 2498 657 2558 sed
674 2496 850 2559 fluviatilem.
897 2496 1083 2559 lentioribus
1106 2505 1303 2559 renascentur

157 2582 188 2657 ni
211 2593 310 2656 lallor:
333 2594 388 2656 boa‘
398 2606 424 2656 et
438 2598 553 2656 interim
568 2596 694 2657 accidere
710 2599 827 2674 cyprino
838 2605 958 2675 putaut3
981 2596 1073 2658 scitur
1089 2594 1168 2657 enim
1185 2598 1302 2657 iuterim

156 2714 211 2774 pro
234 2694 378 2755 interdum
399 2694 463 2754 istis
485 2693 629 2772 placuisse
653 2694 862 2772 scriptoribus3
885 2695 953 2756 nolo
977 2703 1074 2755 autem
1097 2694 1204 2755 iterare
1225 2712 1303 2775 quae

160 2792 197 2853 de
212 2791 269 2853 hoo
283 2792 346 2853 loca
368 2791 520 2872 biantigny
535 2813 563 2872 p.
580 2792 621 2855 68
644 2793 827 2866 coniectaria
850 2793 963 2873 cyprini
977 2793 1057 2855 illam
1073 2800 1162 2872 atque
1178 2791 1303 2856 Homeri

157 2890 297 2952 virtutem
320 2890 471 2952 affectans.
986 2907 987 2911 ’
1083 2916 1087 2921 ·

170 3012 193 3027 -·
243 2988 345 3051 Exstat
377 2997 477 3051 autem
511 2989 603 3069 ipsius
637 2990 726 3068 Trogi
760 2990 963 3070 fragmentum
995 2991 1114 3071 aliquod
1151 2989 1302 3071 copiosius

158 3089 236 3168 apud
257 3087 386 3150 Plinium
402 3086 442 3148 XI
457 3086 535 3164 2743
567 3089 647 3168 quod
681 3088 731 3168 qui
765 3097 900 3151 accurate
933 3107 1000 3150 cum
1034 3088 1193 3151 Aristotele
1227 3108 1302 3150 con-

157 3186 285 3248 tenderit
307 3187 433 3249 eandem
455 3191 516 3249 lere
540 3187 724 3266 exprimendi
747 3207 848 3268 graeca
871 3197 901 3250 et
923 3187 1138 3269 comprimendi
1157 3189 1301 3251 rationem

158 3285 273 3363 qualem
306 3286 395 3347 modo
428 3286 506 3365 apud
539 3285 668 3347 Plinium
701 3286 809 3364 valere
834 3287 1103 3350 demonstravimus
1140 3307 1302 3367 agnoscere

159 3383 293 3460 debebit3
313 3383 417 3463 incipit
437 3393 538 3446 autem
561 3402 626 3446 esse
647 3380 923 3465 μοιωποσκόποςε

158 3508 276 3570 Frons
320 3507 459 3587 quibus
504 3510 567 3585 (udi
600 3508 716 3570 codices
744 3530 772 3590 p.
789 3508 932 3572 aelst:
960 3509 1073 3574 τοῦτο
1101 3506 1217 3590 asico·
1233 3510 1302 3592 μέ-

158 3606 237 3686 quad
269 3607 432 3685 exstirpare
465 3607 585 3687 indigne
618 3606 715 3669 haesi·
744 3605 1181 3690 camarlaigpdrpdya,
1204 3611 1303 3693 βρα-

156 3712 259 3766 tarunt
295 3705 433 3780 editores)
477 3714 536 3767 est
572 3724 715 3784 magna,
744 3705 903 3790 δύτεροι

158 3820 305 3881 segnem
350 3803 512 3867 animum
557 3803 716 3867 subesse

158 3901 398 3981 significata.

158 4000 294 4080 quibus
317 4018 439 4080 parva,
464 3999 652 4076 mobilem3
744 3998 803 4074 οίς
828 4000 871 4064 dd
895 4000 1055 4083 μικρόν,
1086 3996 1302 4085 εὐκίνητοι.

160 4109 275 4191 (quibus
309 4111 408 4192 pluma,
444 4112 608 4191 fatriasumr
645 4112 716 4174 haec
744 4110 800 4173 acori
817 4109 867 4186 οίς
881 4110 942 4195 μὲν
956 4111 1078 4189 πλατύ,
1094 4104 1281 4177 ἔκστατικοί

158 4209 237 4271 enim
271 4217 323 4271 aut
350 4209 444 4288 ipsius
467 4209 544 4270 Plini
569 4211 716 4273 celeritate

159 4316 209 4369 aut
224 4309 412 4370 amanuensis
425 4308 634 4387 praetermissa
650 4329 715 4372 esse

157 4421 220 4468 non
241 4406 383 4470 dissimile
404 4407 466 4470 veri
487 4407 553 4486 est).
638 4446 640 4451 -
