2902 5040
665 299 888 362 ..70-

205 476 280 539 ltem
304 476 455 556 Oppianus
469 475 508 536 lll
527 473 586 535 128
601 493 682 556 sqq:

309 602 345 661 A
354 592 482 682 α’βραξ
506 593 538 660 d'
559 593 731 676 ἀγκίστοιο
755 595 870 670 τυπεὶς
897 596 1082 679 εὐκαμπέος
1107 597 1211 684 αἰχμῇ

305 690 430 780 dtpdo'
453 692 730 780 ἀναθρώσκων
756 692 937 780 κεφαλήν
964 690 1079 778 ἀζηχὲς
1104 692 1266 776 ἐρείδει

306 789 388 882 αὐτῇ
413 792 449 858 ἐν
470 790 571 882 ὁρμιῇ
597 797 856 878 βεβιωμένος,
884 792 994 877 ὄφρα
1021 790 1060 857 οἳ
1087 792 1206 866 ἕλκος

308 888 529 977 εὖρύτερόν
554 916 589 955 τε
609 896 772 971 γένοιτο
799 890 855 956 καὶ
880 891 1077 977 ἕκφνγέῃσιν
1103 889 1257 975 ὄλεθρον.

208 1020 282 1081 Item
295 1018 471 1081 Plutarchus
483 1038 510 1098 p.
524 1019 586 1079 977
598 1018 647 1080 tt:
674 1009 693 1080 ἀ
709 1016 730 1081 d
736 1016 751 1080 ὲ
766 1014 956 1101 λάβραξ..
971 1063 978 1078 .
993 1063 1000 1078 .
1027 1011 1105 1079 ὅταν
1121 1019 1287 1100 περιπέσῃ
1308 1019 1355 1102 τῷ
1430 1007 1434 1012 ’

209 1112 372 1200 ἀγκίστρῳ
413 1114 619 1196 βελουλκεῖ
652 1116 696 1204 τῇ
730 1115 847 1198 δεῦρο
883 1111 995 1194 κᾷκεί
1028 1112 1275 1197 παραλλάξει
1314 1137 1356 1176 τε

209 1213 380 1298 κεφαλῆς
399 1208 624 1296 ἀνευρύνων
641 1215 684 1276 τὸ
704 1211 856 1296 τραῦμα
876 1212 932 1275 καί
951 1211 1008 1275 τὸν
1022 1211 1058 1274 ἐκ
1072 1212 1134 1276 τοῦ
1153 1213 1356 1297 σπαραγμοῦ

209 1311 315 1378 πόνον
340 1309 516 1395 ὑπομένων
542 1310 654 1395 ἄχρις
679 1309 725 1375 ἀν
751 1309 902 1394 ἐκβάλῃ
928 1309 971 1374 τὸ
998 1307 1184 1394 ἄγκιστρον.
1222 1332 1225 1339 “

295 1414 339 1474 Ad
368 1409 488 1492 ἐρείδει
519 1413 598 1492 apud
628 1412 795 1492 Oppianum
826 1411 983 1473 scholiasta
1012 1410 1144 1491 scripsit:
1183 1408 1356 1492 ἐμβάλλει,

208 1503 285 1574 ἀντί
310 1509 369 1572 τοῦ
395 1511 554 1586 γενναίως
579 1507 745 1592 ἀπερείδει
764 1508 823 1591 τὴν
844 1506 990 1592 κεφαλὴν
1008 1509 1054 1592 τῷ
1080 1504 1245 1593 ἀγκίστρῳ
1271 1496 1357 1592 πράς

209 1605 247 1671 τὸ
274 1602 458 1691 εάροθῆναι
484 1605 543 1689 τήν
570 1606 699 1690 πληγήν
725 1608 780 1670 καὶ
806 1606 960 1679 ἐξελθεῖν
984 1605 1021 1670 τὸ
1042 1604 1229 1688 ἄγκιστρον.
1270 1608 1356 1668 Vides

210 1712 310 1767 autem
341 1707 420 1767 inter
449 1714 587 1769 auet'ores
617 1715 679 1768 tres
709 1719 771 1769 nou
801 1709 898 1769 solum
926 1709 1014 1769 verba
1046 1707 1232 1768 concinentia
1266 1706 1356 1769 etiam

212 1801 382 1880 minutiora,
403 1806 456 1867 sed
475 1813 568 1867 totam
590 1806 694 1867 eadem
709 1807 825 1868 ratione
850 1806 1066 1869 conformatam
1082 1805 1238 1884 periodum
1253 1803 1357 1866 ultima

209 1911 292 1983 parte
318 1904 438 1966 inducta
464 1904 576 1965 voculis
607 1906 676 1966 dum
706 1899 796 1986 ὄφρα
821 1900 924 1984 ἄχρις.
969 1903 1092 1965 latinus
1118 1921 1189 1964 vero
1219 1903 1357 1965 inertiam

210 2020 294 2064 snam
314 2002 413 2082 prodit
433 2003 548 2065 detritis
568 2003 624 2065 illis
646 2007 709 2065 aori
730 2007 854 2065 concitus
875 2006 923 2063 iro
942 2001 994 2064 ubi
1016 2005 1081 2062 ueri
1091 2010 1189 2080 coptus
1203 2001 1289 2063 ίιοκω
1305 2020 1358 2062 ex-

211 2101 401 2180 primendum
420 2101 485 2164 luit.
528 2102 631 2182 Neque
652 2120 738 2163 eausa
759 2101 892 2162 cernitur
912 2101 969 2162 ulla
985 2119 1038 2161 our
1054 2099 1144 2161 etiam
1159 2099 1232 2160 illud
1251 2100 1359 2178 fluetus

207 2203 344 2279 prosequi
380 2199 515 2263 iniecerit
555 2201 634 2280 quod
669 2199 903 2261 insolentissime
936 2199 1083 2278 seriptum
1118 2213 1201 2259 nune
1237 2199 1357 2261 demum

211 2304 350 2359 notamus
369 2297 409 2359 ita
429 2299 508 2360 velut
527 2299 551 2361 si
571 2299 665 2360 viator
685 2298 804 2361 dixerit:
827 2297 904 2360 viam
924 2315 1020 2359 meam
1041 2314 1215 2378 prosequor.

297 2396 340 2457 De
360 2415 500 2460 muraena
523 2397 644 2460 Ovidius
659 2416 687 2458 r.
703 2396 758 2456 27:
781 2389 784 2395 ’

313 2505 352 2566 dt
368 2502 438 2581 (Ati
459 2507 496 2569 of.
512 2525 538 2567 v.
555 2506 596 2568 38
613 2517 642 2570 et
657 2506 711 2587 31)
740 2526 887 2570 murena
913 2509 996 2569 ferox
1016 2505 1146 2568 teretis
1165 2506 1221 2569 sibi
1243 2507 1360 2571 conseia

1159 2607 1251 2686 tergi

315 2703 363 2765 dd
384 2703 501 2765 laxata
524 2704 632 2783 magis
657 2705 807 2768 connixa
829 2703 1003 2765 foramina
1026 2703 1118 2764 retis

314 2801 449 2863 'landem
471 2820 537 2882 per
559 2803 690 2864 multos
714 2802 834 2865 evadit
853 2802 992 2864 lubrica
1013 2802 1130 2863 flexus

313 2899 516 2987 Exemploque
539 2919 651 2963 nocens
672 2902 815 2964 cunetis
838 2902 894 2962 iter
916 2900 1028 2962 invenit
1051 2918 1118 2962 nna.

215 3024 326 3087 Eadem
347 3025 424 3105 apud
446 3024 613 3105 Oppianum
628 3026 668 3087 III
682 3046 708 3088 v.
728 3028 788 3088 117
809 3027 897 3089 verba
921 3035 1005 3089 sunt:

317 3145 521 3232 Μύραιναι
542 3141 574 3211 d'
590 3143 644 3214 ὅτε
670 3148 724 3216 κέν
743 3148 820 3214 ποτ’
841 3148 1045 3234 ἐνιπλήξωσι
1072 3148 1224 3228 λίνοισι

315 3234 699 3332 διζόμεναιβρόχον
728 3244 842 3331 εὐρὺν
870 3247 906 3312 ἕν
939 3246 1043 3332 ἕρκεϊ
1073 3241 1273 3323 devotiorem,

314 3342 382 3409 τοῦ
412 3343 454 3410 δὲ
476 3345 632 3430 ἀιαΐγδην
654 3343 780 3430 ὀφίων
805 3343 930 3430 νόμον
949 3343 1195 3430 ἀρμηβείσαι
1281 3397 1284 3401 ,

315 3443 442 3507 πᾶσαι
464 3442 729 3529 ὀλισθρροῑσι
755 3443 991 3517 διεξέπεσον
1016 3445 1211 3527 μελέεσσι.

214 3583 253 3645 Et
282 3583 400 3663 quidem
431 3583 506 3645 alter
531 3602 586 3664 per
618 3584 723 3646 multos
755 3585 852 3662 βοωιω
882 3583 953 3646 dixit
983 3586 1062 3666 quod
1093 3585 1176 3647 alteri
1207 3583 1362 3648 uidebatur

217 3677 326 3764 ὀφίων
362 3677 472 3763 νόμον.
530 3683 667 3745 Ceterum
702 3683 774 3744 satis
810 3683 993 3763 ineleganter
1032 3678 1206 3765 διζόμεναι
1238 3680 1362 3764 βρόχον

197 3776 312 3863 ἐὐρὺν
336 3780 381 3840 vel
407 3774 575 3861 εὐρύτερον
604 3782 693 3843 latine
716 3781 902 3860 exprimitur:
931 3785 1056 3843 omniuo
1081 3783 1120 3844 od
1144 3783 1236 3862 mepte
1259 3781 1362 3845 leuato

214 3882 372 3960 foramina.
417 3878 558 3940 Conferas
582 3879 671 3941 etiam
694 3879 899 3942 Aeliaui133.

301 3977 343 4038 lle
364 3977 446 4058 sepia
468 3976 589 4038 Ovidius
612 3997 638 4039 v.
658 3979 709 4039 19:

316 4102 422 4182 Sepia
444 4103 528 4164 tarda
550 4103 635 4182 fugae
657 4103 740 4165 tenui
765 4121 840 4165 eum
864 4103 941 4164 forte
964 4102 1020 4164 sub
1044 4104 1121 4165 unda

315 4202 498 4282 Ileprensa
520 4208 574 4262 est
595 4202 653 4263 iam
676 4202 794 4282 iamque
817 4220 944 4262 manus
967 4201 1070 4262 timet
1092 4200 1141 4261 illa
1162 4199 1324 4280 rapacis,

315 4299 496 4361 lulioiens
519 4318 655 4378 aequor
677 4299 816 4378 nigrum
840 4299 953 4360 vomit
972 4299 1033 4363 illa
1056 4317 1072 4358 e
1205 4366 1207 4371 ,

317 4396 540 4477 Avertitque
563 4398 637 4458 vias
660 4399 790 4459 oculos
811 4399 997 4460 frustrata
1017 4396 1222 4477 sequentis.
