2902 5040
582 317 802 383 ..59-

116 499 242 571 ἶκττνος
264 496 371 576 (media
394 495 500 576 syllaba
524 495 614 557 huius
647 495 777 557 nominis
800 495 897 556 brevis
923 495 1001 574 aprud
1025 496 1129 557 Philon
1157 497 1261 576 Propr.

117 601 172 659 Au.
186 595 270 677 688).
310 595 453 673 Sequitur
475 602 573 656 autem
593 594 783 655 Lachmanno
807 594 871 672 ipso
895 593 1014 655 iubente
1031 613 1128 673 neque
1143 595 1261 656 iniussu

115 713 207 756 sanae
222 694 346 757 rationis
369 701 402 754 ut
418 693 576 754 Halieutica
593 711 655 754 non
677 701 745 754 ante
761 693 927 754 Phaedrum
944 692 1138 771 Persiumque
1153 693 1262 772 scripta

116 812 183 856 esse
206 792 428 855 contendamus.

203 890 410 952 Subnotentur
439 890 591 969 paneade
618 890 767 969 anaphora
797 889 909 968 poetica
938 889 1085 968 siquidem
1112 889 1144 949 in
1173 908 1262 950 versu

118 989 179 1049 105
203 989 446 1069 qualistraditur
470 988 593 1068 Insignis
614 1006 769 1068 corpusque
788 992 863 1049 notio
884 991 1001 1067 insignis
1023 997 1050 1048 et
1073 987 1127 1048 aleb
1150 988 1261 1066 aliqua·

115 1096 205 1148 tenus
229 1087 407 1148 oilendimur
429 1087 517 1149 eliam
540 1106 610 1147 voce
633 1097 666 1148 et.
711 1086 819 1148 Contra
843 1099 909 1148 cum
935 1106 967 1147 ea
984 1105 1071 1165 quem
1096 1103 1151 1147 nos
1173 1086 1260 1147 resti-

113 1185 231 1248 tuimus
252 1186 400 1247 sermonis
423 1186 516 1247 iorma
539 1187 711 1246 conferatur
732 1204 756 1246 e.
774 1203 802 1263 g.
818 1185 923 1263 Vergili
947 1191 1018 1245 Aen.
1034 1185 1073 1245 xl
1089 1184 1166 1245 641:

217 1297 485 1378 ingentemque
508 1297 623 1371 animis,
646 1298 835 1378 ingentem
859 1316 983 1378 corpore
1005 1306 1034 1361 et
1056 1299 1146 1359 armis

218 1396 311 1458 lleicit
332 1397 534 1471 Herminium

114 1514 148 1574 in
183 1512 290 1592 quibus
319 1514 469 1592 anaphora
501 1519 564 1574 tota
597 1531 667 1574 voce
706 1531 758 1594 que
797 1513 833 1573 ad
873 1514 1075 1576 antecedentia
1109 1512 1260 1592 adligatur.

114 1610 293 1691 Anaphorae
315 1620 414 1672 autem
436 1612 493 1672 boc
516 1629 669 1679 summum
692 1629 801 1672 nrunus
824 1619 881 1684 est,
904 1619 937 1672 ut
960 1611 1170 1690 particularum
1194 1630 1262 1690 gra·

114 1709 189 1771 tiam
211 1708 348 1788 scriptori
369 1708 464 1770 faciat.
509 1708 595 1781 Quod
623 1717 653 1770 et
680 1727 733 1788 per
759 1728 791 1770 se
821 1717 902 1788 patet
929 1718 959 1770 et
986 1711 1160 1791 perpulchre
1184 1730 1209 1770 e.
1234 1728 1260 1788 g.

115 1807 261 1870 Ouidiano
283 1807 348 1869 loeo
370 1806 438 1869 Met.
461 1805 528 1867 Xlll
549 1804 610 1867 355
622 1826 687 1886 sqq.
709 1807 922 1868 illustrabitur:

564 1940 712 2012 peteret
734 1934 915 1994 moderatior
938 1934 1008 1996 Aiax

217 2029 456 2110 Eurypilusque
477 2028 561 2092 ferox
584 2032 740 2111 claroque
763 2031 966 2093 Andraemone
989 2040 1077 2094 natus

216 2129 288 2191 Nec
309 2128 433 2189 minus
454 2127 633 2191 Idomeneus
656 2129 825 2208 patriaque
849 2138 964 2192 creatus
987 2130 1091 2192 eadem

217 2226 374 2301 Meriones,
398 2235 544 2306 peteret
567 2228 685 2288 maioris
706 2228 798 2289 frater
820 2228 947 2290 Atridae.

114 2355 221 2434 ltaque
242 2351 384 2432 praeclari
407 2369 509 2414 versus
531 2351 686 2430 Vergiliani
711 2351 897 2432 Propertiani
919 2353 1075 2416 Vibulliani
1098 2354 1238 2415 aliorum:

217 2450 391 2530 Regalisque
412 2468 533 2512 accensa
556 2469 665 2523 comas,
689 2469 811 2513 accensa
835 2471 975 2514 coronam

219 2548 243 2608 0
266 2548 344 2609 dulci
366 2549 490 2609 iocunda
513 2548 585 2621 viro,
609 2548 737 2610 iocunda
758 2551 874 2629 parenti

217 2645 323 2708 Lectos
347 2646 438 2707 Caere
461 2646 550 2720 viros,
573 2647 665 2708 lectos
688 2648 817 2710 Cortona
839 2648 958 2728 superbi

217 2746 343 2807 Centum
366 2763 441 2824 quae
464 2745 560 2818 silvas,
583 2754 705 2826 eentum
728 2766 803 2826 quae
825 2747 946 2809 flumina
969 2755 1090 2808 servant

216 2843 312 2922 Magni
335 2861 422 2923 saepe
445 2844 544 2916 duces,
568 2846 667 2924 magni
689 2847 821 2907 cecidere
844 2846 961 2927 tyranni

218 2941 365 3003 Omnibus
387 2941 418 3001 in
441 2941 560 3021 templis
583 2951 711 3006 matrum
735 2944 852 3018 chorus,
875 2944 1013 3006 omnibus
1036 2963 1103 3006 arae

217 3039 306 3101 Lecto
329 3047 359 3099 te
381 3040 489 3113 solum,
512 3041 589 3103 lecto
611 3049 640 3103 te
665 3042 808 3121 deprecor
831 3061 891 3104 uno

216 3138 315 3199 Prima
337 3137 412 3216 petit
434 3155 495 3198 nou
518 3138 565 3199 illa
588 3139 693 3210 virum,
717 3159 779 3202 non
802 3140 849 3202 illa
873 3141 975 3220 pericli

218 3236 252 3297 lli
274 3236 362 3316 patrii
385 3245 500 3297 servate
522 3237 655 3311 domurn,
678 3246 791 3300 servate
812 3246 953 3318 nepotem

218 3334 362 3396 Mirantur
385 3335 461 3396 dona
485 3335 609 3407 Aeneae,
634 3336 781 3398 mirantur
802 3337 898 3397 lulum

217 3433 320 3494 Audiit
341 3442 371 3493 et
392 3432 505 3495 Triviae
527 3433 613 3511 longe
635 3434 724 3506 lacus,
748 3434 841 3496 audiit
862 3434 960 3495 omnis

219 3520 284 3592 Noli
306 3530 465 3602 nobilibus,
488 3531 549 3592 noli
572 3533 707 3594 conferre
728 3533 822 3595 beatis

217 3628 296 3691 Luce
318 3648 400 3691 sacra
423 3630 588 3709 requiescat
611 3633 732 3705 humus,
755 3631 922 3711 requiescat
944 3637 1043 3693 arator

218 3727 253 3789 lli
274 3728 372 3806 patrii,
394 3746 558 3807 purgamus
582 3747 678 3808 agros,
701 3747 863 3810 purgamus
887 3738 1017 3808 agrestes

219 3824 297 3885 Haec
320 3833 408 3885 urant
429 3843 548 3904 pueros,
572 3827 643 3889 baec
665 3836 754 3889 lirant
775 3827 884 3907 scripta
908 3828 1018 3907 puellas

218 3920 374 3983 Vobiscum
399 3931 444 3983 est
465 3923 543 4003 Iope,
568 3925 717 3987 vobiscum
741 3936 786 3987 est
808 3925 931 3987 candida
953 3926 1030 4006 Tyro

219 4020 346 4081 Verbera
370 4027 442 4081 sunt
462 4032 617 4102 praecepta
638 4023 734 4103 fugae,
757 4032 829 4086 sunt
850 4024 971 4086 verbera
992 4023 1069 4084 freni

219 4117 280 4178 lam
301 4113 380 4180 redit
402 4127 431 4180 et
453 4119 543 4199 virgo,
566 4121 695 4183 redeunt
717 4122 852 4184 Saturnia
875 4141 966 4203 regna

220 4216 307 4277 Venit
330 4223 360 4278 et
382 4217 481 4296 upilio,
504 4221 581 4281 tardi
603 4238 711 4281 venere
733 4220 853 4282 bubulci

118 4334 209 4407 atque
230 4326 317 4388 Ovidi
338 4327 446 4408 i'psius':

222 4425 287 4497 Quo
310 4445 451 4506 properas
473 4425 587 4507 ingrata
608 4427 687 4506 viris,
710 4429 823 4510 ingrata
845 4429 951 4511 puellis
