<?xml version="1.0" encoding="UTF-8"?>
<!DOCTYPE html PUBLIC "-//W3C//DTD XHTML 1.0 Transitional//EN"
    "http://www.w3.org/TR/xhtml1/DTD/xhtml1-transitional.dtd">
<html xmlns="http://www.w3.org/1999/xhtml" xml:lang="en" lang="en">
 <head>
  <title>
</title>
<meta http-equiv="Content-Type" content="text/html;charset=utf-8" />
  <meta name='ocr-system' content='tesseract 3.04.00' />
  <meta name='ocr-capabilities' content='ocr_page ocr_carea ocr_par ocr_line ocrx_word'/>
</head>
<body>
  <div class='ocr_page' id='page_1' title='image "./dehalieuticisov00birtgoog_0248.png"; bbox 0 0 2902 5040; ppageno 0'>
   <div class='ocr_carea' id='block_1_1' title="bbox 611 290 850 355">
    <p class='ocr_par' dir='ltr' id='par_1_1' title="bbox 611 290 850 355">
     <span class='ocr_line' id='line_1_1' title="bbox 611 290 850 355; baseline 0.008 -2"><span class='ocrx_word' id='word_1_1' title='bbox 611 290 850 355; x_wconf 82' lang='lat'>-180-</span> 
     </span>
    </p>
   </div>
   <div class='ocr_carea' id='block_1_2' title="bbox 145 464 1303 2319">
    <p class='ocr_par' dir='ltr' id='par_1_2' title="bbox 155 464 1303 1826">
     <span class='ocr_line' id='line_1_2' title="bbox 161 464 1302 546; baseline 0 -19"><span class='ocrx_word' id='word_1_2' title='bbox 161 483 214 544; x_wconf 88' lang='lat' dir='ltr'>pro</span> <span class='ocrx_word' id='word_1_3' title='bbox 238 464 356 544; x_wconf 82' lang='lat' dir='ltr'>aquatili</span> <span class='ocrx_word' id='word_1_4' title='bbox 379 464 443 544; x_wconf 88' lang='lat' dir='ltr'>ipso</span> <span class='ocrx_word' id='word_1_5' title='bbox 472 465 595 527; x_wconf 88' lang='lat' dir='ltr'>calvaria</span> <span class='ocrx_word' id='word_1_6' title='bbox 622 464 770 526; x_wconf 88' lang='lat' dir='ltr'>habentur</span> <span class='ocrx_word' id='word_1_7' title='bbox 798 464 834 526; x_wconf 94' lang='lat' dir='ltr'>ab</span> <span class='ocrx_word' id='word_1_8' title='bbox 858 464 980 545; x_wconf 78' lang='lat' dir='ltr'>Apuleio</span> <span class='ocrx_word' id='word_1_9' title='bbox 1004 465 1086 544; x_wconf 76' lang='lat' dir='ltr'>Apol.</span> <span class='ocrx_word' id='word_1_10' title='bbox 1104 465 1144 527; x_wconf 88' lang='grc'>34</span> <span class='ocrx_word' id='word_1_11' title='bbox 1172 474 1302 546; x_wconf 83' lang='lat' dir='ltr'><strong>suntque</strong></span> 
     </span>
     <span class='ocr_line' id='line_1_3' title="bbox 160 564 1303 644; baseline 0.002 -20"><span class='ocrx_word' id='word_1_12' title='bbox 160 583 193 624; x_wconf 87' lang='lat' dir='ltr'>ea</span> <span class='ocrx_word' id='word_1_13' title='bbox 227 564 446 626; x_wconf 81' lang='lat' dir='ltr'><strong>ostracoderma</strong></span> <span class='ocrx_word' id='word_1_14' title='bbox 480 582 554 644; x_wconf 89' lang='lat' dir='ltr'>quae</span> <span class='ocrx_word' id='word_1_15' title='bbox 588 565 618 626; x_wconf 96' lang='lat' dir='ltr'>in</span> <span class='ocrx_word' id='word_1_16' title='bbox 647 572 782 643; x_wconf 83' lang='lat' dir='ltr'>poemate</span> <span class='ocrx_word' id='word_1_17' title='bbox 811 572 978 643; x_wconf 89' lang='lat' dir='ltr'>sequuntur</span> <span class='ocrx_word' id='word_1_18' title='bbox 1005 581 1135 643; x_wconf 83' lang='lat' dir='ltr'>purpura</span> <span class='ocrx_word' id='word_1_19' title='bbox 1164 564 1303 626; x_wconf 88' lang='lat' dir='ltr'>muriculi</span> 
     </span>
     <span class='ocr_line' id='line_1_4' title="bbox 160 661 1301 743; baseline 0.002 -20"><span class='ocrx_word' id='word_1_20' title='bbox 160 679 264 723; x_wconf 82' lang='lat' dir='ltr'>murex</span> <span class='ocrx_word' id='word_1_21' title='bbox 292 662 392 724; x_wconf 81' lang='lat' dir='ltr'>dulces</span> <span class='ocrx_word' id='word_1_22' title='bbox 419 681 539 743; x_wconf 88' lang='lat' dir='ltr'>quoque</span> <span class='ocrx_word' id='word_1_23' title='bbox 562 663 667 725; x_wconf 81' lang='lat' dir='ltr'>echini.</span> <span class='ocrx_word' id='word_1_24' title='bbox 713 662 755 722; x_wconf 91' lang='lat' dir='ltr'>lta</span> <span class='ocrx_word' id='word_1_25' title='bbox 783 661 893 723; x_wconf 88' lang='lat' dir='ltr'>scilicet</span> <span class='ocrx_word' id='word_1_26' title='bbox 916 662 1003 723; x_wconf 89' lang='lat' dir='ltr'>etiam</span> <span class='ocrx_word' id='word_1_27' title='bbox 1027 681 1081 741; x_wconf 89' lang='lat' dir='ltr'>pro</span> <span class='ocrx_word' id='word_1_28' title='bbox 1104 661 1190 724; x_wconf 91' lang='lat' dir='ltr'>nucis</span> <span class='ocrx_word' id='word_1_29' title='bbox 1213 672 1301 742; x_wconf 88' lang='lat' dir='ltr'>puta-</span> 
     </span>
     <span class='ocr_line' id='line_1_5' title="bbox 161 759 1303 840; baseline 0.001 -20"><span class='ocrx_word' id='word_1_30' title='bbox 161 760 239 822; x_wconf 85' lang='lat' dir='ltr'><strong>mine</strong></span> <span class='ocrx_word' id='word_1_31' title='bbox 262 760 340 822; x_wconf 89' lang='lat' dir='ltr'>calva</span> <span class='ocrx_word' id='word_1_32' title='bbox 363 761 515 823; x_wconf 80' lang='lat' dir='ltr'>dicebatur</span> <span class='ocrx_word' id='word_1_33' title='bbox 539 760 673 838; x_wconf 82' lang='lat' dir='ltr'>(Petroni</span> <span class='ocrx_word' id='word_1_34' title='bbox 695 759 746 833; x_wconf 90' lang='grc'>66,</span> <span class='ocrx_word' id='word_1_35' title='bbox 769 761 811 836; x_wconf 86' lang='grc'>4),</span> <span class='ocrx_word' id='word_1_36' title='bbox 847 778 943 840; x_wconf 89' lang='lat' dir='ltr'>neque</span> <span class='ocrx_word' id='word_1_37' title='bbox 977 779 1037 822; x_wconf 93' lang='lat' dir='ltr'>non</span> <span class='ocrx_word' id='word_1_38' title='bbox 1072 769 1187 823; x_wconf 80' lang='lat' dir='ltr'>ostreae</span> <span class='ocrx_word' id='word_1_39' title='bbox 1218 761 1303 822; x_wconf 84' lang='lat' dir='ltr'>luere</span> 
     </span>
     <span class='ocr_line' id='line_1_6' title="bbox 159 855 1300 940; baseline 0 -20"><span class='ocrx_word' id='word_1_40' title='bbox 159 877 234 939; x_wconf 87' lang='lat' dir='ltr'>qnae</span> <span class='ocrx_word' id='word_1_41' title='bbox 268 879 359 921; x_wconf 90' lang='lat' dir='ltr'>nuces</span> <span class='ocrx_word' id='word_1_42' title='bbox 385 860 523 922; x_wconf 85' lang='lat' dir='ltr'>audirent</span> <span class='ocrx_word' id='word_1_43' title='bbox 557 861 600 922; x_wconf 84' lang='lat' dir='ltr'>rel</span> <span class='ocrx_word' id='word_1_44' title='bbox 629 855 779 940; x_wconf 67' lang='lat' dir='ltr'>drideret.</span> <span class='ocrx_word' id='word_1_45' title='bbox 824 859 885 921; x_wconf 91' lang='lat' dir='ltr'>lam</span> <span class='ocrx_word' id='word_1_46' title='bbox 919 878 988 920; x_wconf 86' lang='lat' dir='ltr'>vcro</span> <span class='ocrx_word' id='word_1_47' title='bbox 1015 859 1092 940; x_wconf 92' lang='lat' dir='ltr'>apud</span> <span class='ocrx_word' id='word_1_48' title='bbox 1116 859 1300 920; x_wconf 77' lang='lat' dir='ltr'>Athenaeum</span> 
     </span>
     <span class='ocr_line' id='line_1_7' title="bbox 159 949 1302 1038; baseline 0 -21"><span class='ocrx_word' id='word_1_49' title='bbox 159 957 339 1038; x_wconf 83' lang='lat' dir='ltr'>Galliamque</span> <span class='ocrx_word' id='word_1_50' title='bbox 371 959 459 1020; x_wconf 83' lang='lat' dir='ltr'>scribi</span> <span class='ocrx_word' id='word_1_51' title='bbox 494 959 591 1020; x_wconf 88' lang='lat' dir='ltr'>vidisti</span> <span class='ocrx_word' id='word_1_52' title='bbox 624 957 722 1037; x_wconf 90' lang='lat' dir='ltr'>potius</span> <span class='ocrx_word' id='word_1_53' title='bbox 754 949 893 1038; x_wconf 79' lang='grc' dir='ltr'><strong><em>δχαρνός</em></strong></span> <span class='ocrx_word' id='word_1_54' title='bbox 921 958 977 1034; x_wconf 82' lang='lat' dir='ltr'>(vel</span> <span class='ocrx_word' id='word_1_55' title='bbox 1007 952 1154 1038; x_wconf 80' lang='grc' dir='ltr'><strong><em>ἀχαρνώς</em></strong></span> <span class='ocrx_word' id='word_1_56' title='bbox 1177 957 1302 1018; x_wconf 80' lang='lat' dir='ltr'>bekkeri</span> 
     </span>
     <span class='ocr_line' id='line_1_8' title="bbox 158 1050 1301 1138; baseline 0.002 -24"><span class='ocrx_word' id='word_1_57' title='bbox 158 1056 212 1116; x_wconf 81' lang='lat' dir='ltr'>An.</span> <span class='ocrx_word' id='word_1_58' title='bbox 228 1075 256 1135; x_wconf 90' lang='lat' dir='ltr'>p.</span> <span class='ocrx_word' id='word_1_59' title='bbox 273 1055 344 1130; x_wconf 87' lang='grc'>474,</span> <span class='ocrx_word' id='word_1_60' title='bbox 364 1057 406 1136; x_wconf 89' lang='grc'>1);</span> <span class='ocrx_word' id='word_1_61' title='bbox 430 1057 560 1137; x_wconf 81' lang='lat' dir='ltr'>Diphilus</span> <span class='ocrx_word' id='word_1_62' title='bbox 577 1056 723 1118; x_wconf 90' lang='lat' dir='ltr'>scribebat</span> <span class='ocrx_word' id='word_1_63' title='bbox 739 1050 884 1138; x_wconf 80' lang='grc' dir='ltr'><strong><em>ἆκαρνάν</em></strong></span> <span class='ocrx_word' id='word_1_64' title='bbox 899 1056 1018 1132; x_wconf 74' lang='lat' dir='ltr'>(Athen.</span> <span class='ocrx_word' id='word_1_65' title='bbox 1034 1075 1063 1135; x_wconf 90' lang='lat' dir='ltr'>p.</span> <span class='ocrx_word' id='word_1_66' title='bbox 1078 1055 1139 1116; x_wconf 85' lang='grc'>356</span> <span class='ocrx_word' id='word_1_67' title='bbox 1151 1055 1205 1135; x_wconf 77' lang='grc' dir='ltr'>Β),</span> <span class='ocrx_word' id='word_1_68' title='bbox 1228 1056 1301 1116; x_wconf 92' lang='lat' dir='ltr'>item</span> 
     </span>
     <span class='ocr_line' id='line_1_9' title="bbox 157 1153 1301 1235; baseline -0.001 -20"><span class='ocrx_word' id='word_1_69' title='bbox 157 1154 293 1216; x_wconf 91' lang='lat' dir='ltr'>llicesius</span> <span class='ocrx_word' id='word_1_70' title='bbox 318 1159 356 1235; x_wconf 89' lang='lat' dir='ltr'>(p.</span> <span class='ocrx_word' id='word_1_71' title='bbox 376 1155 495 1235; x_wconf 79' lang='grc'>3271)).</span> <span class='ocrx_word' id='word_1_72' title='bbox 539 1155 688 1216; x_wconf 84' lang='lat' dir='ltr'>Feminini</span> <span class='ocrx_word' id='word_1_73' title='bbox 712 1174 800 1217; x_wconf 82' lang='lat' dir='ltr'>sexus</span> <span class='ocrx_word' id='word_1_74' title='bbox 822 1153 991 1217; x_wconf 88' lang='lat' dir='ltr'>terminatio</span> <span class='ocrx_word' id='word_1_75' title='bbox 1021 1154 1098 1235; x_wconf 91' lang='lat' dir='ltr'>apud</span> <span class='ocrx_word' id='word_1_76' title='bbox 1123 1153 1301 1233; x_wconf 83' lang='lat' dir='ltr'>llesychium</span> 
     </span>
     <span class='ocr_line' id='line_1_10' title="bbox 157 1241 1301 1336; baseline -0.002 -22"><span class='ocrx_word' id='word_1_77' title='bbox 157 1270 251 1315; x_wconf 94' lang='lat' dir='ltr'>unum</span> <span class='ocrx_word' id='word_1_78' title='bbox 275 1254 417 1332; x_wconf 87' lang='lat' dir='ltr'>legimus:</span> <span class='ocrx_word' id='word_1_79' title='bbox 451 1249 585 1336; x_wconf 82' lang='grc' dir='ltr'><strong><em>ἆχάρνα·</em></strong></span> <span class='ocrx_word' id='word_1_80' title='bbox 609 1241 698 1326; x_wconf 79' lang='grc' dir='ltr'><strong><em>εἶδος</em></strong></span> <span class='ocrx_word' id='word_1_81' title='bbox 722 1248 853 1332; x_wconf 52' lang='lat' dir='ltr'>agedon</span> <span class='ocrx_word' id='word_1_82' title='bbox 889 1254 937 1314; x_wconf 89' lang='lat' dir='ltr'>ubi</span> <span class='ocrx_word' id='word_1_83' title='bbox 959 1253 1119 1333; x_wconf 92' lang='lat' dir='ltr'>quominus</span> <span class='ocrx_word' id='word_1_84' title='bbox 1148 1243 1301 1334; x_wconf 66' lang='grc' dir='ltr'><strong><em>οἷχαριοίς</em></strong></span> 
     </span>
     <span class='ocr_line' id='line_1_11' title="bbox 157 1351 1300 1432; baseline -0.001 -20"><span class='ocrx_word' id='word_1_85' title='bbox 157 1352 281 1414; x_wconf 84' lang='lat' dir='ltr'>inseram</span> <span class='ocrx_word' id='word_1_86' title='bbox 305 1361 335 1414; x_wconf 93' lang='lat' dir='ltr'>et</span> <span class='ocrx_word' id='word_1_87' title='bbox 358 1354 520 1415; x_wconf 88' lang='lat' dir='ltr'>litterarum</span> <span class='ocrx_word' id='word_1_88' title='bbox 549 1353 664 1413; x_wconf 90' lang='lat' dir='ltr'>ratione</span> <span class='ocrx_word' id='word_1_89' title='bbox 691 1352 840 1432; x_wconf 90' lang='lat' dir='ltr'>impedior</span> <span class='ocrx_word' id='word_1_90' title='bbox 862 1361 892 1412; x_wconf 92' lang='lat' dir='ltr'>et</span> <span class='ocrx_word' id='word_1_91' title='bbox 913 1352 1040 1413; x_wconf 89' lang='lat' dir='ltr'>lectione</span> <span class='ocrx_word' id='word_1_92' title='bbox 1063 1351 1187 1430; x_wconf 77' lang='lat' dir='ltr'>Hesychi</span> <span class='ocrx_word' id='word_1_93' title='bbox 1211 1351 1300 1412; x_wconf 92' lang='lat' dir='ltr'>altera</span> 
     </span>
     <span class='ocr_line' id='line_1_12' title="bbox 156 1443 1299 1533; baseline -0.002 -22"><span class='ocrx_word' id='word_1_94' title='bbox 156 1447 291 1533; x_wconf 83' lang='grc' dir='ltr'><strong><em>ἄχεροα·</em></strong></span> <span class='ocrx_word' id='word_1_95' title='bbox 319 1445 418 1530; x_wconf 73' lang='grc' dir='ltr'><strong><em>ἰχδδς</em></strong></span> <span class='ocrx_word' id='word_1_96' title='bbox 441 1447 547 1524; x_wconf 84' lang='grc' dir='ltr'><strong><em>ποιός.</em></strong></span> <span class='ocrx_word' id='word_1_97' title='bbox 586 1450 718 1530; x_wconf 82' lang='lat' dir='ltr'>Denique</span> <span class='ocrx_word' id='word_1_98' title='bbox 741 1450 820 1530; x_wconf 89' lang='lat' dir='ltr'>quod</span> <span class='ocrx_word' id='word_1_99' title='bbox 836 1450 912 1530; x_wconf 92' lang='lat' dir='ltr'>apud</span> <span class='ocrx_word' id='word_1_100' title='bbox 928 1450 1055 1510; x_wconf 90' lang='lat' dir='ltr'>eundem</span> <span class='ocrx_word' id='word_1_101' title='bbox 1071 1459 1117 1510; x_wconf 88' lang='lat' dir='ltr'>est</span> <span class='ocrx_word' id='word_1_102' title='bbox 1139 1443 1299 1531; x_wconf 79' lang='grc' dir='ltr'><strong><em>ἀκάρναξ·</em></strong></span> 
     </span>
     <span class='ocr_line' id='line_1_13' title="bbox 156 1542 1299 1631; baseline 0 -21"><span class='ocrx_word' id='word_1_103' title='bbox 156 1545 284 1631; x_wconf 78' lang='grc' dir='ltr'><strong><em>λάβραξ</em></strong></span> <span class='ocrx_word' id='word_1_104' title='bbox 305 1550 403 1612; x_wconf 89' lang='lat' dir='ltr'>nescio</span> <span class='ocrx_word' id='word_1_105' title='bbox 428 1568 499 1611; x_wconf 93' lang='lat' dir='ltr'>num</span> <span class='ocrx_word' id='word_1_106' title='bbox 522 1567 597 1612; x_wconf 91' lang='lat' dir='ltr'>sono</span> <span class='ocrx_word' id='word_1_107' title='bbox 622 1549 697 1613; x_wconf 90' lang='lat' dir='ltr'>male</span> <span class='ocrx_word' id='word_1_108' title='bbox 716 1548 891 1610; x_wconf 90' lang='lat' dir='ltr'>adsimulato</span> <span class='ocrx_word' id='word_1_109' title='bbox 914 1556 1011 1609; x_wconf 87' lang='lat' dir='ltr'>ortum</span> <span class='ocrx_word' id='word_1_110' title='bbox 1034 1548 1072 1608; x_wconf 92' lang='lat' dir='ltr'>sit</span> <span class='ocrx_word' id='word_1_111' title='bbox 1088 1567 1123 1608; x_wconf 87' lang='lat' dir='ltr'>ex</span> <span class='ocrx_word' id='word_1_112' title='bbox 1139 1542 1299 1630; x_wconf 77' lang='grc' dir='ltr'><strong><em>διιαρνάν·</em></strong></span> 
     </span>
     <span class='ocr_line' id='line_1_14' title="bbox 156 1641 1299 1730; baseline 0 -22"><span class='ocrx_word' id='word_1_113' title='bbox 156 1641 292 1730; x_wconf 78' lang='grc' dir='ltr'><strong><em>λάβραξ.</em></strong></span> <span class='ocrx_word' id='word_1_114' title='bbox 336 1649 431 1728; x_wconf 77' lang='lat' dir='ltr'>Atque</span> <span class='ocrx_word' id='word_1_115' title='bbox 454 1667 528 1709; x_wconf 92' lang='lat' dir='ltr'>num</span> <span class='ocrx_word' id='word_1_116' title='bbox 549 1647 607 1708; x_wconf 91' lang='lat' dir='ltr'>hoc</span> <span class='ocrx_word' id='word_1_117' title='bbox 628 1648 684 1709; x_wconf 91' lang='lat' dir='ltr'>luit</span> <span class='ocrx_word' id='word_1_118' title='bbox 707 1665 759 1708; x_wconf 91' lang='lat' dir='ltr'>cur</span> <span class='ocrx_word' id='word_1_119' title='bbox 781 1647 813 1707; x_wconf 93' lang='lat' dir='ltr'>in</span> <span class='ocrx_word' id='word_1_120' title='bbox 834 1647 963 1727; x_wconf 88' lang='lat' dir='ltr'>catalogo</span> <span class='ocrx_word' id='word_1_121' title='bbox 987 1647 1077 1707; x_wconf 89' lang='lat' dir='ltr'>latino</span> <span class='ocrx_word' id='word_1_122' title='bbox 1100 1654 1130 1707; x_wconf 90' lang='lat' dir='ltr'>et</span> <span class='ocrx_word' id='word_1_123' title='bbox 1152 1644 1254 1707; x_wconf 85' lang='lat' dir='ltr'>lahrar</span> <span class='ocrx_word' id='word_1_124' title='bbox 1271 1653 1299 1708; x_wconf 90' lang='lat' dir='ltr'>et</span> 
     </span>
     <span class='ocr_line' id='line_1_15' title="bbox 155 1743 595 1826; baseline -0.002 -20"><span class='ocrx_word' id='word_1_125' title='bbox 155 1746 244 1826; x_wconf 93' lang='lat' dir='ltr'>lupus</span> <span class='ocrx_word' id='word_1_126' title='bbox 265 1743 595 1826; x_wconf 80' lang='lat' dir='ltr'>praetermitterentur?</span> 
     </span>
    </p>

    <p class='ocr_par' dir='ltr' id='par_1_3' title="bbox 145 1842 1299 2319">
     <span class='ocr_line' id='line_1_16' title="bbox 241 1842 1298 1927; baseline -0.003 -21"><span class='ocrx_word' id='word_1_127' title='bbox 241 1845 362 1907; x_wconf 87' lang='lat' dir='ltr'>Gravius</span> <span class='ocrx_word' id='word_1_128' title='bbox 391 1846 497 1927; x_wconf 93' lang='lat' dir='ltr'>opinor</span> <span class='ocrx_word' id='word_1_129' title='bbox 525 1845 583 1906; x_wconf 90' lang='lat' dir='ltr'>hoc</span> <span class='ocrx_word' id='word_1_130' title='bbox 610 1863 738 1923; x_wconf 90' lang='lat' dir='ltr'>quoque.</span> <span class='ocrx_word' id='word_1_131' title='bbox 763 1844 876 1905; x_wconf 64' lang='lat' dir='ltr'>&#39;Adest</span> <span class='ocrx_word' id='word_1_132' title='bbox 908 1842 1005 1904; x_wconf 87' lang='lat' dir='ltr'>batia</span> <span class='ocrx_word' id='word_1_133' title='bbox 1032 1842 1138 1922; x_wconf 76' lang='lat' dir='ltr'>piscis3</span> <span class='ocrx_word' id='word_1_134' title='bbox 1167 1842 1298 1904; x_wconf 91' lang='lat' dir='ltr'>eundem</span> 
     </span>
     <span class='ocr_line' id='line_1_17' title="bbox 145 1941 1297 2022; baseline 0 -19"><span class='ocrx_word' id='word_1_135' title='bbox 145 1943 268 2020; x_wconf 27' lang='lat' dir='ltr'>&#39;Plinius</span> <span class='ocrx_word' id='word_1_136' title='bbox 291 1962 326 2005; x_wconf 83' lang='lat' dir='ltr'>ex</span> <span class='ocrx_word' id='word_1_137' title='bbox 350 1943 563 2005; x_wconf 90' lang='lat' dir='ltr'>medicinarum</span> <span class='ocrx_word' id='word_1_138' title='bbox 593 1943 762 2005; x_wconf 91' lang='lat' dir='ltr'>auctoribus</span> <span class='ocrx_word' id='word_1_139' title='bbox 784 1942 910 2022; x_wconf 88' lang='lat' dir='ltr'>sumpsit</span> <span class='ocrx_word' id='word_1_140' title='bbox 932 1941 1038 2003; x_wconf 85' lang='lat' dir='ltr'>xxxh</span> <span class='ocrx_word' id='word_1_141' title='bbox 1055 1943 1105 2002; x_wconf 82' lang='lat'>77.</span> <span class='ocrx_word' id='word_1_142' title='bbox 1143 1941 1297 2003; x_wconf 85' lang='lat' dir='ltr'>Praeterea</span> 
     </span>
     <span class='ocr_line' id='line_1_18' title="bbox 154 2037 1299 2120; baseline 0 -18"><span class='ocrx_word' id='word_1_143' title='bbox 154 2059 266 2103; x_wconf 91' lang='lat' dir='ltr'>nomen</span> <span class='ocrx_word' id='word_1_144' title='bbox 288 2042 368 2102; x_wconf 92' lang='lat' dir='ltr'>istud</span> <span class='ocrx_word' id='word_1_145' title='bbox 391 2060 452 2103; x_wconf 91' lang='lat' dir='ltr'>non</span> <span class='ocrx_word' id='word_1_146' title='bbox 476 2042 533 2103; x_wconf 88' lang='lat' dir='ltr'>ridi</span> <span class='ocrx_word' id='word_1_147' title='bbox 556 2041 614 2103; x_wconf 90' lang='lat' dir='ltr'>nisi</span> <span class='ocrx_word' id='word_1_148' title='bbox 636 2042 700 2103; x_wconf 91' lang='lat' dir='ltr'>loco</span> <span class='ocrx_word' id='word_1_149' title='bbox 722 2039 906 2120; x_wconf 81' lang='lat' dir='ltr'>Hesychiano</span> <span class='ocrx_word' id='word_1_150' title='bbox 930 2041 1000 2100; x_wconf 90' lang='lat' dir='ltr'>hoc:</span> <span class='ocrx_word' id='word_1_151' title='bbox 1033 2037 1182 2120; x_wconf 78' lang='grc' dir='ltr'><em>βατίδες·</em></span> <span class='ocrx_word' id='word_1_152' title='bbox 1208 2038 1299 2113; x_wconf 77' lang='grc' dir='ltr'><strong><em>εἶδος</em></strong></span> 
     </span>
     <span class='ocr_line' id='line_1_19' title="bbox 156 2130 1298 2222; baseline -0.001 -22"><span class='ocrx_word' id='word_1_153' title='bbox 156 2135 274 2218; x_wconf 68' lang='grc' dir='ltr'><strong><em>ἰχθύος</em></strong></span> <span class='ocrx_word' id='word_1_154' title='bbox 297 2135 419 2200; x_wconf 78' lang='grc' dir='ltr'><strong><em>πλατύ·</em></strong></span> <span class='ocrx_word' id='word_1_155' title='bbox 454 2136 473 2222; x_wconf 83' lang='grc' dir='ltr'><em>ἢ</em></span> <span class='ocrx_word' id='word_1_156' title='bbox 501 2142 617 2219; x_wconf 67' lang='lat' dir='ltr'>flacio·</span> <span class='ocrx_word' id='word_1_157' title='bbox 653 2135 805 2221; x_wconf 79' lang='grc' dir='ltr'><strong><em>διαφέρει</em></strong></span> <span class='ocrx_word' id='word_1_158' title='bbox 836 2137 874 2201; x_wconf 78' lang='lat' dir='ltr'>dt</span> <span class='ocrx_word' id='word_1_159' title='bbox 900 2135 1083 2218; x_wconf 63' lang='lat' dir='ltr'>euripideon</span> <span class='ocrx_word' id='word_1_160' title='bbox 1113 2135 1231 2216; x_wconf 75' lang='grc' dir='ltr'><strong><em>ἰχθύος</em></strong></span> <span class='ocrx_word' id='word_1_161' title='bbox 1253 2130 1298 2211; x_wconf 66' lang='grc' dir='ltr'>οἷς</span> 
     </span>
     <span class='ocr_line' id='line_1_20' title="bbox 150 2232 1297 2319; baseline -0.001 -20"><span class='ocrx_word' id='word_1_162' title='bbox 150 2232 376 2318; x_wconf 75' lang='grc' dir='ltr'><strong><em>Ἀριστοτέλης</em></strong></span> <span class='ocrx_word' id='word_1_163' title='bbox 400 2247 494 2300; x_wconf 75' lang='grc' dir='ltr'><strong><em>ποιεῖ</em></strong></span> <span class='ocrx_word' id='word_1_164' title='bbox 517 2233 668 2319; x_wconf 70' lang='grc' dir='ltr'><strong><em>φανερόν.</em></strong></span> <span class='ocrx_word' id='word_1_165' title='bbox 716 2239 815 2319; x_wconf 89' lang='lat' dir='ltr'>ltaque</span> <span class='ocrx_word' id='word_1_166' title='bbox 839 2238 982 2299; x_wconf 90' lang='lat' dir='ltr'>editorem</span> <span class='ocrx_word' id='word_1_167' title='bbox 1008 2237 1132 2315; x_wconf 78' lang='lat' dir='ltr'>Hesychi</span> <span class='ocrx_word' id='word_1_168' title='bbox 1155 2237 1297 2298; x_wconf 90' lang='lat' dir='ltr'>maiorem</span> 
     </span>
    </p>
   </div>
   <div class='ocr_carea' id='block_1_3' title="bbox 154 2335 1399 2417">
    <p class='ocr_par' dir='ltr' id='par_1_4' title="bbox 154 2335 1399 2417">
     <span class='ocr_line' id='line_1_21' title="bbox 154 2335 1399 2417; baseline 0.002 -22"><span class='ocrx_word' id='word_1_169' title='bbox 154 2355 222 2397; x_wconf 91' lang='lat' dir='ltr'>eum</span> <span class='ocrx_word' id='word_1_170' title='bbox 247 2336 332 2397; x_wconf 88' lang='lat' dir='ltr'>laude</span> <span class='ocrx_word' id='word_1_171' title='bbox 355 2355 421 2397; x_wconf 90' lang='lat' dir='ltr'>mea</span> <span class='ocrx_word' id='word_1_172' title='bbox 444 2337 539 2398; x_wconf 85' lang='lat' dir='ltr'>facere</span> <span class='ocrx_word' id='word_1_173' title='bbox 562 2353 623 2397; x_wconf 93' lang='lat' dir='ltr'>non</span> <span class='ocrx_word' id='word_1_174' title='bbox 646 2355 768 2417; x_wconf 88' lang='lat' dir='ltr'>possum</span> <span class='ocrx_word' id='word_1_175' title='bbox 791 2337 863 2417; x_wconf 85' lang='lat' dir='ltr'>quin</span> <span class='ocrx_word' id='word_1_176' title='bbox 886 2335 942 2397; x_wconf 91' lang='lat' dir='ltr'>hoc</span> <span class='ocrx_word' id='word_1_177' title='bbox 964 2336 1001 2396; x_wconf 89' lang='lat' dir='ltr'>de</span> <span class='ocrx_word' id='word_1_178' title='bbox 1023 2335 1088 2396; x_wconf 88' lang='lat' dir='ltr'>loce</span> <span class='ocrx_word' id='word_1_179' title='bbox 1104 2336 1201 2414; x_wconf 84' lang='lat' dir='ltr'>egisse</span> <span class='ocrx_word' id='word_1_180' title='bbox 1223 2336 1297 2397; x_wconf 88' lang='lat' dir='ltr'>levi·</span> <span class='ocrx_word' id='word_1_181' title='bbox 1397 2369 1399 2374; x_wconf 68' lang='lat'>,</span> 
     </span>
    </p>
   </div>
   <div class='ocr_carea' id='block_1_4' title="bbox 148 2431 1298 4089">
    <p class='ocr_par' dir='ltr' id='par_1_5' title="bbox 153 2431 1298 2594">
     <span class='ocr_line' id='line_1_22' title="bbox 153 2431 1298 2517; baseline 0.001 -23"><span class='ocrx_word' id='word_1_182' title='bbox 153 2442 200 2494; x_wconf 91' lang='lat' dir='ltr'>ter</span> <span class='ocrx_word' id='word_1_183' title='bbox 237 2435 332 2495; x_wconf 90' lang='lat' dir='ltr'>dicam</span> <span class='ocrx_word' id='word_1_184' title='bbox 366 2434 454 2496; x_wconf 88' lang='lat' dir='ltr'>verba</span> <span class='ocrx_word' id='word_1_185' title='bbox 491 2431 510 2517; x_wconf 81' lang='grc' dir='ltr'><em>ἢ</em></span> <span class='ocrx_word' id='word_1_186' title='bbox 547 2435 649 2514; x_wconf 66' lang='lat' dir='ltr'>dorla</span> <span class='ocrx_word' id='word_1_187' title='bbox 685 2452 739 2513; x_wconf 95' lang='lat' dir='ltr'>pro</span> <span class='ocrx_word' id='word_1_188' title='bbox 776 2435 886 2513; x_wconf 90' lang='lat' dir='ltr'>spuriis</span> <span class='ocrx_word' id='word_1_189' title='bbox 920 2444 950 2495; x_wconf 93' lang='lat' dir='ltr'>et</span> <span class='ocrx_word' id='word_1_190' title='bbox 983 2453 1019 2495; x_wconf 83' lang='lat' dir='ltr'>er</span> <span class='ocrx_word' id='word_1_191' title='bbox 1052 2432 1186 2514; x_wconf 77' lang='grc' dir='ltr'><strong><em>βατίδες</em></strong></span> <span class='ocrx_word' id='word_1_192' title='bbox 1220 2435 1298 2496; x_wconf 90' lang='lat' dir='ltr'>natis</span> 
     </span>
     <span class='ocr_line' id='line_1_23' title="bbox 153 2539 318 2594; baseline -0.006 -2"><span class='ocrx_word' id='word_1_193' title='bbox 153 2539 318 2594; x_wconf 88' lang='lat' dir='ltr'>notantem.</span> 
     </span>
    </p>

    <p class='ocr_par' dir='ltr' id='par_1_6' title="bbox 148 2629 1297 4089">
     <span class='ocr_line' id='line_1_24' title="bbox 238 2629 1297 2713; baseline 0.002 -22"><span class='ocrx_word' id='word_1_194' title='bbox 238 2630 363 2693; x_wconf 86' lang='lat' dir='ltr'>Restant</span> <span class='ocrx_word' id='word_1_195' title='bbox 385 2630 421 2691; x_wconf 91' lang='lat' dir='ltr'>de</span> <span class='ocrx_word' id='word_1_196' title='bbox 444 2630 552 2712; x_wconf 89' lang='lat' dir='ltr'>quibus</span> <span class='ocrx_word' id='word_1_197' title='bbox 574 2629 700 2711; x_wconf 78' lang='lat' dir='ltr'>Hesychi</span> <span class='ocrx_word' id='word_1_198' title='bbox 727 2650 813 2711; x_wconf 89' lang='lat' dir='ltr'>opem</span> <span class='ocrx_word' id='word_1_199' title='bbox 846 2632 956 2693; x_wconf 85' lang='lat' dir='ltr'>frustra</span> <span class='ocrx_word' id='word_1_200' title='bbox 984 2641 1076 2711; x_wconf 89' lang='lat' dir='ltr'>petas.</span> <span class='ocrx_word' id='word_1_201' title='bbox 1121 2632 1213 2694; x_wconf 85' lang='lat' dir='ltr'>Soros</span> <span class='ocrx_word' id='word_1_202' title='bbox 1233 2633 1297 2713; x_wconf 93' lang='lat' dir='ltr'>pri-</span> 
     </span>
     <span class='ocr_line' id='line_1_25' title="bbox 153 2729 1296 2812; baseline 0.001 -21"><span class='ocrx_word' id='word_1_203' title='bbox 153 2746 235 2791; x_wconf 91' lang='lat' dir='ltr'>mum</span> <span class='ocrx_word' id='word_1_204' title='bbox 269 2730 363 2809; x_wconf 90' lang='lat' dir='ltr'>possit</span> <span class='ocrx_word' id='word_1_205' title='bbox 384 2730 456 2791; x_wconf 87' lang='lat' dir='ltr'>falso</span> <span class='ocrx_word' id='word_1_206' title='bbox 479 2730 621 2809; x_wconf 90' lang='lat' dir='ltr'>scriptum</span> <span class='ocrx_word' id='word_1_207' title='bbox 648 2729 739 2791; x_wconf 81' lang='lat' dir='ltr'>videri</span> <span class='ocrx_word' id='word_1_208' title='bbox 761 2749 815 2810; x_wconf 92' lang='lat' dir='ltr'>pro</span> <span class='ocrx_word' id='word_1_209' title='bbox 837 2749 941 2810; x_wconf 85' lang='lat' dir='ltr'>sporus</span> <span class='ocrx_word' id='word_1_210' title='bbox 963 2731 1006 2792; x_wconf 87' lang='lat' dir='ltr'>vel</span> <span class='ocrx_word' id='word_1_211' title='bbox 1029 2731 1054 2792; x_wconf 92' lang='lat' dir='ltr'>si</span> <span class='ocrx_word' id='word_1_212' title='bbox 1076 2731 1146 2812; x_wconf 91' lang='lat' dir='ltr'>quid</span> <span class='ocrx_word' id='word_1_213' title='bbox 1168 2731 1296 2793; x_wconf 90' lang='lat' dir='ltr'>similius</span> 
     </span>
     <span class='ocr_line' id='line_1_26' title="bbox 152 2827 1297 2911; baseline 0.004 -24"><span class='ocrx_word' id='word_1_214' title='bbox 152 2827 334 2903; x_wconf 81' lang='lat' dir='ltr'>inveniatur3</span> <span class='ocrx_word' id='word_1_215' title='bbox 365 2828 461 2908; x_wconf 91' lang='lat' dir='ltr'>possis</span> <span class='ocrx_word' id='word_1_216' title='bbox 490 2828 579 2890; x_wconf 88' lang='lat' dir='ltr'>etiam</span> <span class='ocrx_word' id='word_1_217' title='bbox 606 2827 642 2889; x_wconf 93' lang='lat' dir='ltr'>ab</span> <span class='ocrx_word' id='word_1_218' title='bbox 666 2829 729 2891; x_wconf 92' lang='lat' dir='ltr'>eius</span> <span class='ocrx_word' id='word_1_219' title='bbox 751 2829 887 2909; x_wconf 88' lang='lat' dir='ltr'>partibus</span> <span class='ocrx_word' id='word_1_220' title='bbox 911 2838 988 2891; x_wconf 91' lang='lat' dir='ltr'>stare</span> <span class='ocrx_word' id='word_1_221' title='bbox 1012 2829 1063 2911; x_wconf 88' lang='lat' dir='ltr'>qui</span> <span class='ocrx_word' id='word_1_222' title='bbox 1084 2848 1187 2893; x_wconf 88' lang='lat' dir='ltr'>sorum</span> <span class='ocrx_word' id='word_1_223' title='bbox 1211 2849 1297 2894; x_wconf 87' lang='lat' dir='ltr'>acce·</span> 
     </span>
     <span class='ocr_line' id='line_1_27' title="bbox 151 2925 1295 3011; baseline 0.003 -24"><span class='ocrx_word' id='word_1_224' title='bbox 151 2925 228 3005; x_wconf 88' lang='lat' dir='ltr'>perit</span> <span class='ocrx_word' id='word_1_225' title='bbox 258 2945 312 3006; x_wconf 89' lang='lat' dir='ltr'>pro</span> <span class='ocrx_word' id='word_1_226' title='bbox 335 2943 439 3001; x_wconf 84' lang='lat' dir='ltr'>sauro;</span> <span class='ocrx_word' id='word_1_227' title='bbox 472 2928 551 3006; x_wconf 88' lang='lat' dir='ltr'>quod</span> <span class='ocrx_word' id='word_1_228' title='bbox 574 2936 722 3007; x_wconf 88' lang='lat' dir='ltr'>quatenus</span> <span class='ocrx_word' id='word_1_229' title='bbox 751 2928 930 3006; x_wconf 89' lang='lat' dir='ltr'>probabilius</span> <span class='ocrx_word' id='word_1_230' title='bbox 953 2937 998 2991; x_wconf 90' lang='lat' dir='ltr'>est</span> <span class='ocrx_word' id='word_1_231' title='bbox 1021 2948 1081 2991; x_wconf 90' lang='lat' dir='ltr'>non</span> <span class='ocrx_word' id='word_1_232' title='bbox 1110 2930 1176 2991; x_wconf 90' lang='lat' dir='ltr'>sine</span> <span class='ocrx_word' id='word_1_233' title='bbox 1197 2929 1295 3011; x_wconf 88' lang='lat' dir='ltr'>aliqua</span> 
     </span>
     <span class='ocr_line' id='line_1_28' title="bbox 151 3025 1294 3107; baseline 0.003 -22"><span class='ocrx_word' id='word_1_234' title='bbox 151 3025 333 3104; x_wconf 83' lang='lat' dir='ltr'>neglegentia</span> <span class='ocrx_word' id='word_1_235' title='bbox 355 3025 466 3103; x_wconf 87' lang='lat' dir='ltr'>graecis</span> <span class='ocrx_word' id='word_1_236' title='bbox 489 3026 579 3087; x_wconf 92' lang='lat' dir='ltr'>latina</span> <span class='ocrx_word' id='word_1_237' title='bbox 601 3025 767 3088; x_wconf 88' lang='lat' dir='ltr'>intermista</span> <span class='ocrx_word' id='word_1_238' title='bbox 790 3026 934 3098; x_wconf 83' lang='lat' dir='ltr'>dicentur,</span> <span class='ocrx_word' id='word_1_239' title='bbox 958 3027 1013 3107; x_wconf 92' lang='lat' dir='ltr'>ipsi</span> <span class='ocrx_word' id='word_1_240' title='bbox 1037 3028 1118 3089; x_wconf 91' lang='lat' dir='ltr'>enim</span> <span class='ocrx_word' id='word_1_241' title='bbox 1141 3028 1294 3091; x_wconf 87' lang='lat' dir='ltr'>lacertiin</span> 
     </span>
     <span class='ocr_line' id='line_1_29' title="bbox 152 3124 1295 3206; baseline 0.004 -22"><span class='ocrx_word' id='word_1_242' title='bbox 152 3124 282 3202; x_wconf 89' lang='lat' dir='ltr'>catalogo</span> <span class='ocrx_word' id='word_1_243' title='bbox 305 3132 536 3186; x_wconf 88' lang='lat' dir='ltr'>antecesserunt.</span> <span class='ocrx_word' id='word_1_244' title='bbox 575 3125 712 3197; x_wconf 85' lang='lat' dir='ltr'>Quocum</span> <span class='ocrx_word' id='word_1_245' title='bbox 735 3127 898 3204; x_wconf 88' lang='lat' dir='ltr'>comparari</span> <span class='ocrx_word' id='word_1_246' title='bbox 921 3144 982 3188; x_wconf 95' lang='lat' dir='ltr'>non</span> <span class='ocrx_word' id='word_1_247' title='bbox 1004 3127 1113 3206; x_wconf 89' lang='lat' dir='ltr'>poterit</span> <span class='ocrx_word' id='word_1_248' title='bbox 1136 3126 1295 3190; x_wconf 90' lang='lat' dir='ltr'>mitulus</span> 
     </span>
     <span class='ocr_line' id='line_1_30' title="bbox 151 3222 1294 3304; baseline 0.003 -22"><span class='ocrx_word' id='word_1_249' title='bbox 151 3222 260 3302; x_wconf 91' lang='lat' dir='ltr'>quippe</span> <span class='ocrx_word' id='word_1_250' title='bbox 283 3241 298 3282; x_wconf 95' lang='lat' dir='ltr'>a</span> <span class='ocrx_word' id='word_1_251' title='bbox 322 3241 380 3302; x_wconf 89' lang='lat' dir='ltr'>quo</span> <span class='ocrx_word' id='word_1_252' title='bbox 403 3224 538 3285; x_wconf 85' lang='lat' dir='ltr'>diversus</span> <span class='ocrx_word' id='word_1_253' title='bbox 563 3241 639 3303; x_wconf 83' lang='lat' dir='ltr'>mys</span> <span class='ocrx_word' id='word_1_254' title='bbox 675 3224 718 3284; x_wconf 84' lang='lat' dir='ltr'>vel</span> <span class='ocrx_word' id='word_1_255' title='bbox 752 3225 934 3304; x_wconf 82' lang='lat' dir='ltr'>myiscus3</span> <span class='ocrx_word' id='word_1_256' title='bbox 967 3224 1019 3286; x_wconf 93' lang='lat' dir='ltr'>sed</span> <span class='ocrx_word' id='word_1_257' title='bbox 1053 3224 1205 3287; x_wconf 86' lang='lat' dir='ltr'>veneria</span> <span class='ocrx_word' id='word_1_258' title='bbox 1238 3226 1294 3288; x_wconf 90' lang='lat' dir='ltr'>sub</span> 
     </span>
     <span class='ocr_line' id='line_1_31' title="bbox 151 3320 1294 3403; baseline 0.004 -24"><span class='ocrx_word' id='word_1_259' title='bbox 151 3320 239 3381; x_wconf 84' lang='lat' dir='ltr'>finem</span> <span class='ocrx_word' id='word_1_260' title='bbox 256 3320 350 3400; x_wconf 90' lang='lat' dir='ltr'>posita</span> <span class='ocrx_word' id='word_1_261' title='bbox 367 3321 421 3382; x_wconf 90' lang='lat' dir='ltr'>alia</span> <span class='ocrx_word' id='word_1_262' title='bbox 437 3330 525 3402; x_wconf 89' lang='lat' dir='ltr'>atque</span> <span class='ocrx_word' id='word_1_263' title='bbox 547 3323 621 3384; x_wconf 90' lang='lat' dir='ltr'>otia</span> <span class='ocrx_word' id='word_1_264' title='bbox 644 3340 708 3383; x_wconf 92' lang='lat' dir='ltr'>esse</span> <span class='ocrx_word' id='word_1_265' title='bbox 730 3322 777 3382; x_wconf 84' lang='lat' dir='ltr'>vix</span> <span class='ocrx_word' id='word_1_266' title='bbox 793 3330 930 3402; x_wconf 89' lang='lat' dir='ltr'>poterant</span> <span class='ocrx_word' id='word_1_267' title='bbox 945 3342 1020 3403; x_wconf 89' lang='lat' dir='ltr'>quae</span> <span class='ocrx_word' id='word_1_268' title='bbox 1043 3323 1124 3403; x_wconf 89' lang='lat' dir='ltr'>ipsae</span> <span class='ocrx_word' id='word_1_269' title='bbox 1145 3323 1294 3385; x_wconf 87' lang='lat' dir='ltr'>auriculae</span> 
     </span>
     <span class='ocr_line' id='line_1_32' title="bbox 151 3413 1292 3503; baseline 0.004 -25"><span class='ocrx_word' id='word_1_270' title='bbox 151 3417 271 3480; x_wconf 80' lang='lat' dir='ltr'>Veneris</span> <span class='ocrx_word' id='word_1_271' title='bbox 294 3428 366 3480; x_wconf 92' lang='lat' dir='ltr'>sunt</span> <span class='ocrx_word' id='word_1_272' title='bbox 388 3419 437 3496; x_wconf 85' lang='lat' dir='ltr'>(cl.</span> <span class='ocrx_word' id='word_1_273' title='bbox 455 3413 511 3492; x_wconf 85' lang='grc' dir='ltr'>οὖς</span> <span class='ocrx_word' id='word_1_274' title='bbox 522 3414 720 3503; x_wconf 77' lang='grc' dir='ltr'><strong><em>Ἀφροδίτης</em></strong></span> <span class='ocrx_word' id='word_1_275' title='bbox 735 3421 862 3500; x_wconf 87' lang='lat' dir='ltr'>Hesychi</span> <span class='ocrx_word' id='word_1_276' title='bbox 877 3429 907 3482; x_wconf 88' lang='lat' dir='ltr'>et</span> <span class='ocrx_word' id='word_1_277' title='bbox 923 3421 1030 3482; x_wconf 77' lang='lat' dir='ltr'>Athen.</span> <span class='ocrx_word' id='word_1_278' title='bbox 1046 3439 1075 3501; x_wconf 91' lang='lat' dir='ltr'>p.</span> <span class='ocrx_word' id='word_1_279' title='bbox 1093 3420 1132 3483; x_wconf 88' lang='grc'>87</span> <span class='ocrx_word' id='word_1_280' title='bbox 1145 3421 1177 3481; x_wconf 84' lang='lat' dir='ltr'>F.</span> <span class='ocrx_word' id='word_1_281' title='bbox 1194 3419 1234 3484; x_wconf 88' lang='lat'>88</span> <span class='ocrx_word' id='word_1_282' title='bbox 1247 3422 1292 3502; x_wconf 85' lang='grc' dir='ltr'>Α).</span> 
     </span>
     <span class='ocr_line' id='line_1_33' title="bbox 149 3515 1292 3601; baseline 0.004 -26"><span class='ocrx_word' id='word_1_283' title='bbox 149 3515 223 3577; x_wconf 90' lang='lat' dir='ltr'>ltem</span> <span class='ocrx_word' id='word_1_284' title='bbox 247 3525 277 3577; x_wconf 90' lang='lat' dir='ltr'>et</span> <span class='ocrx_word' id='word_1_285' title='bbox 299 3534 440 3595; x_wconf 90' lang='lat' dir='ltr'>porcus</span> <span class='ocrx_word' id='word_1_286' title='bbox 473 3517 505 3579; x_wconf 91' lang='lat' dir='ltr'>in</span> <span class='ocrx_word' id='word_1_287' title='bbox 537 3517 632 3580; x_wconf 87' lang='lat' dir='ltr'>indice</span> <span class='ocrx_word' id='word_1_288' title='bbox 655 3527 685 3580; x_wconf 91' lang='lat' dir='ltr'>et</span> <span class='ocrx_word' id='word_1_289' title='bbox 711 3519 998 3598; x_wconf 90' lang='lat' dir='ltr'>orthagoriscus</span> <span class='ocrx_word' id='word_1_290' title='bbox 1031 3519 1120 3599; x_wconf 89' lang='lat' dir='ltr'>positi</span> <span class='ocrx_word' id='word_1_291' title='bbox 1147 3539 1215 3581; x_wconf 88' lang='lat' dir='ltr'>cum</span> <span class='ocrx_word' id='word_1_292' title='bbox 1239 3539 1292 3601; x_wconf 91' lang='lat' dir='ltr'>pro</span> 
     </span>
     <span class='ocr_line' id='line_1_34' title="bbox 150 3615 1291 3699; baseline 0.004 -25"><span class='ocrx_word' id='word_1_293' title='bbox 150 3632 209 3675; x_wconf 89' lang='lat' dir='ltr'>uno</span> <span class='ocrx_word' id='word_1_294' title='bbox 234 3633 284 3674; x_wconf 91' lang='lat' dir='ltr'>eos</span> <span class='ocrx_word' id='word_1_295' title='bbox 307 3615 387 3694; x_wconf 91' lang='lat' dir='ltr'>pisce</span> <span class='ocrx_word' id='word_1_296' title='bbox 410 3616 523 3678; x_wconf 86' lang='lat' dir='ltr'>Plinius</span> <span class='ocrx_word' id='word_1_297' title='bbox 545 3616 609 3697; x_wconf 91' lang='lat' dir='ltr'>ipse</span> <span class='ocrx_word' id='word_1_298' title='bbox 623 3617 769 3697; x_wconf 82' lang='lat' dir='ltr'>hpionem</span> <span class='ocrx_word' id='word_1_299' title='bbox 792 3626 915 3680; x_wconf 91' lang='lat' dir='ltr'>secutus</span> <span class='ocrx_word' id='word_1_300' title='bbox 937 3617 1104 3699; x_wconf 89' lang='lat' dir='ltr'>scripsisset</span> <span class='ocrx_word' id='word_1_301' title='bbox 1118 3617 1224 3679; x_wconf 87' lang='lat' dir='ltr'>llllllll</span> <span class='ocrx_word' id='word_1_302' title='bbox 1245 3617 1291 3680; x_wconf 83' lang='lat'>19.</span> 
     </span>
     <span class='ocr_line' id='line_1_35' title="bbox 149 3714 1293 3797; baseline 0.003 -23"><span class='ocrx_word' id='word_1_303' title='bbox 149 3714 266 3774; x_wconf 80' lang='lat' dir='ltr'>Adnoto</span> <span class='ocrx_word' id='word_1_304' title='bbox 310 3722 409 3775; x_wconf 90' lang='lat' dir='ltr'>autem</span> <span class='ocrx_word' id='word_1_305' title='bbox 453 3715 556 3777; x_wconf 87' lang='lat' dir='ltr'>adesse</span> <span class='ocrx_word' id='word_1_306' title='bbox 599 3715 630 3777; x_wconf 93' lang='lat' dir='ltr'>iu</span> <span class='ocrx_word' id='word_1_307' title='bbox 667 3716 798 3795; x_wconf 88' lang='lat' dir='ltr'>catalogo</span> <span class='ocrx_word' id='word_1_308' title='bbox 843 3716 1015 3778; x_wconf 87' lang='lat' dir='ltr'>diminutiva</span> <span class='ocrx_word' id='word_1_309' title='bbox 1053 3717 1138 3779; x_wconf 85' lang='lat' dir='ltr'>verba</span> <span class='ocrx_word' id='word_1_310' title='bbox 1176 3727 1293 3797; x_wconf 91' lang='lat' dir='ltr'>praeter</span> 
     </span>
     <span class='ocr_line' id='line_1_36' title="bbox 150 3806 1291 3897; baseline 0.007 -27"><span class='ocrx_word' id='word_1_311' title='bbox 150 3806 232 3872; x_wconf 85' lang='grc' dir='ltr'><strong><em>ὤτια</em></strong></span> <span class='ocrx_word' id='word_1_312' title='bbox 265 3811 352 3873; x_wconf 90' lang='lat' dir='ltr'>etiam</span> <span class='ocrx_word' id='word_1_313' title='bbox 386 3813 471 3892; x_wconf 90' lang='lat' dir='ltr'>plura</span> <span class='ocrx_word' id='word_1_314' title='bbox 498 3813 593 3893; x_wconf 85' lang='lat' dir='ltr'>qualia</span> <span class='ocrx_word' id='word_1_315' title='bbox 616 3814 725 3892; x_wconf 89' lang='lat' dir='ltr'>volgari</span> <span class='ocrx_word' id='word_1_316' title='bbox 749 3814 873 3876; x_wconf 88' lang='lat' dir='ltr'>dialecto</span> <span class='ocrx_word' id='word_1_317' title='bbox 897 3833 1019 3894; x_wconf 91' lang='lat' dir='ltr'>graecae</span> <span class='ocrx_word' id='word_1_318' title='bbox 1043 3815 1171 3878; x_wconf 85' lang='lat' dir='ltr'>maxime</span> <span class='ocrx_word' id='word_1_319' title='bbox 1192 3818 1291 3897; x_wconf 87' lang='lat' dir='ltr'>place·</span> 
     </span>
     <span class='ocr_line' id='line_1_37' title="bbox 148 3906 1291 3994; baseline 0.007 -26"><span class='ocrx_word' id='word_1_320' title='bbox 148 3906 231 3979; x_wconf 84' lang='lat' dir='ltr'>bant,</span> <span class='ocrx_word' id='word_1_321' title='bbox 264 3910 344 3971; x_wconf 88' lang='lat' dir='ltr'>velut</span> <span class='ocrx_word' id='word_1_322' title='bbox 371 3911 594 3991; x_wconf 89' lang='lat' dir='ltr'>coniunguntur</span> <span class='ocrx_word' id='word_1_323' title='bbox 626 3912 803 3991; x_wconf 90' lang='lat' dir='ltr'>pectines</span> <span class='ocrx_word' id='word_1_324' title='bbox 831 3914 1050 3994; x_wconf 91' lang='lat' dir='ltr'>pectunculi</span> <span class='ocrx_word' id='word_1_325' title='bbox 1083 3913 1223 3994; x_wconf 77' lang='grc' dir='ltr'><strong><em>(κτένιον</em></strong></span> <span class='ocrx_word' id='word_1_326' title='bbox 1251 3916 1291 3976; x_wconf 91' lang='lat' dir='ltr'>ita</span> 
     </span>
     <span class='ocr_line' id='line_1_38' title="bbox 149 4008 1291 4089; baseline 0.008 -23"><span class='ocrx_word' id='word_1_327' title='bbox 149 4024 303 4068; x_wconf 86' lang='lat' dir='ltr'>occurrere</span> <span class='ocrx_word' id='word_1_328' title='bbox 325 4026 388 4071; x_wconf 92' lang='lat' dir='ltr'>non</span> <span class='ocrx_word' id='word_1_329' title='bbox 411 4008 483 4084; x_wconf 81' lang='lat' dir='ltr'>vidi3</span> <span class='ocrx_word' id='word_1_330' title='bbox 517 4009 677 4089; x_wconf 85' lang='lat' dir='ltr'>llesyehius</span> <span class='ocrx_word' id='word_1_331' title='bbox 700 4011 736 4072; x_wconf 88' lang='lat' dir='ltr'>ad</span> <span class='ocrx_word' id='word_1_332' title='bbox 759 4013 855 4084; x_wconf 79' lang='grc' dir='ltr'><strong><em>κτείς·</em></strong></span> <span class='ocrx_word' id='word_1_333' title='bbox 888 4014 1017 4076; x_wconf 80' lang='grc' dir='ltr'><strong><em>κτένιον</em></strong></span> <span class='ocrx_word' id='word_1_334' title='bbox 1044 4030 1104 4075; x_wconf 91' lang='lat' dir='ltr'>non</span> <span class='ocrx_word' id='word_1_335' title='bbox 1132 4014 1214 4074; x_wconf 91' lang='lat' dir='ltr'>addit</span> <span class='ocrx_word' id='word_1_336' title='bbox 1236 4014 1291 4075; x_wconf 89' lang='lat' dir='ltr'>hoc</span> 
     </span>
    </p>
   </div>
   <div class='ocr_carea' id='block_1_5' title="bbox 148 4105 1289 4488">
    <p class='ocr_par' dir='ltr' id='par_1_7' title="bbox 148 4105 1289 4488">
     <span class='ocr_line' id='line_1_39' title="bbox 148 4105 1289 4194; baseline 0.01 -30"><span class='ocrx_word' id='word_1_337' title='bbox 148 4123 213 4166; x_wconf 91' lang='lat' dir='ltr'>esse</span> <span class='ocrx_word' id='word_1_338' title='bbox 229 4107 372 4185; x_wconf 74' lang='lat' dir='ltr'>aquatile3</span> <span class='ocrx_word' id='word_1_339' title='bbox 393 4107 447 4169; x_wconf 91' lang='lat' dir='ltr'>sed</span> <span class='ocrx_word' id='word_1_340' title='bbox 463 4108 499 4168; x_wconf 89' lang='lat' dir='ltr'>cl.</span> <span class='ocrx_word' id='word_1_341' title='bbox 517 4105 677 4184; x_wconf 75' lang='grc' dir='ltr'><strong><em>σπόγγος·</em></strong></span> <span class='ocrx_word' id='word_1_342' title='bbox 702 4110 878 4190; x_wconf 73' lang='grc' dir='ltr'><strong><em>σπογγίον)</em></strong></span> <span class='ocrx_word' id='word_1_343' title='bbox 900 4112 1080 4194; x_wconf 89' lang='lat' dir='ltr'>poniturque</span> <span class='ocrx_word' id='word_1_344' title='bbox 1095 4112 1289 4193; x_wconf 83' lang='lat' dir='ltr'>ophidion,</span> 
     </span>
     <span class='ocr_line' id='line_1_40' title="bbox 148 4198 1289 4294; baseline 0.008 -31"><span class='ocrx_word' id='word_1_345' title='bbox 148 4203 270 4282; x_wconf 90' lang='lat' dir='ltr'>ponitur</span> <span class='ocrx_word' id='word_1_346' title='bbox 291 4213 410 4284; x_wconf 87' lang='lat' dir='ltr'>praeter</span> <span class='ocrx_word' id='word_1_347' title='bbox 425 4206 583 4267; x_wconf 89' lang='lat' dir='ltr'>draconem</span> <span class='ocrx_word' id='word_1_348' title='bbox 607 4198 875 4279; x_wconf 88' lang='lat' dir='ltr'>dracunculus,</span> <span class='ocrx_word' id='word_1_349' title='bbox 899 4229 966 4272; x_wconf 91' lang='lat' dir='ltr'>cum</span> <span class='ocrx_word' id='word_1_350' title='bbox 984 4206 1179 4294; x_wconf 79' lang='grc' dir='ltr'><strong><em>δρακόντιον</em></strong></span> <span class='ocrx_word' id='word_1_351' title='bbox 1200 4212 1289 4286; x_wconf 90' lang='lat' dir='ltr'>piscis</span> 
     </span>
     <span class='ocr_line' id='line_1_41' title="bbox 148 4299 1289 4388; baseline 0.01 -28"><span class='ocrx_word' id='word_1_352' title='bbox 148 4299 266 4376; x_wconf 89' lang='lat' dir='ltr'>ignotus</span> <span class='ocrx_word' id='word_1_353' title='bbox 300 4312 416 4380; x_wconf 92' lang='lat' dir='ltr'>praeter</span> <span class='ocrx_word' id='word_1_354' title='bbox 445 4303 652 4382; x_wconf 81' lang='lat' dir='ltr'>hippocratem</span> <span class='ocrx_word' id='word_1_355' title='bbox 675 4305 714 4366; x_wconf 90' lang='lat' dir='ltr'>sit</span> <span class='ocrx_word' id='word_1_356' title='bbox 736 4306 761 4365; x_wconf 96' lang='lat' dir='ltr'>ll</span> <span class='ocrx_word' id='word_1_357' title='bbox 783 4325 812 4385; x_wconf 89' lang='lat' dir='ltr'>p.</span> <span class='ocrx_word' id='word_1_358' title='bbox 830 4306 891 4368; x_wconf 86' lang='grc'>466</span> <span class='ocrx_word' id='word_1_359' title='bbox 904 4308 955 4385; x_wconf 85' lang='grc' dir='ltr'>Κ.;</span> <span class='ocrx_word' id='word_1_360' title='bbox 988 4319 1018 4370; x_wconf 90' lang='lat' dir='ltr'>et</span> <span class='ocrx_word' id='word_1_361' title='bbox 1048 4310 1072 4370; x_wconf 89' lang='lat' dir='ltr'>is</span> <span class='ocrx_word' id='word_1_362' title='bbox 1101 4309 1221 4388; x_wconf 91' lang='lat' dir='ltr'>quidem</span> <span class='ocrx_word' id='word_1_363' title='bbox 1243 4310 1289 4371; x_wconf 92' lang='lat' dir='ltr'>hic</span> 
     </span>
     <span class='ocr_line' id='line_1_42' title="bbox 148 4401 1288 4488; baseline 0.011 -29"><span class='ocrx_word' id='word_1_364' title='bbox 148 4416 266 4479; x_wconf 87' lang='lat' dir='ltr'>qnoque</span> <span class='ocrx_word' id='word_1_365' title='bbox 299 4402 377 4462; x_wconf 91' lang='lat' dir='ltr'>sicut</span> <span class='ocrx_word' id='word_1_366' title='bbox 408 4403 440 4463; x_wconf 94' lang='lat' dir='ltr'>in</span> <span class='ocrx_word' id='word_1_367' title='bbox 468 4401 565 4463; x_wconf 89' lang='lat' dir='ltr'>indice</span> <span class='ocrx_word' id='word_1_368' title='bbox 586 4403 662 4464; x_wconf 89' lang='lat' dir='ltr'>Plini</span> <span class='ocrx_word' id='word_1_369' title='bbox 693 4423 761 4464; x_wconf 92' lang='lat' dir='ltr'>cum</span> <span class='ocrx_word' id='word_1_370' title='bbox 784 4407 942 4485; x_wconf 90' lang='lat' dir='ltr'>scorpione</span> <span class='ocrx_word' id='word_1_371' title='bbox 975 4408 1055 4488; x_wconf 89' lang='lat' dir='ltr'>pisce</span> <span class='ocrx_word' id='word_1_372' title='bbox 1088 4410 1288 4488; x_wconf 90' lang='lat' dir='ltr'>componitur.</span> 
     </span>
    </p>
   </div>
   <div class='ocr_carea' id='block_1_6' title="bbox 0 0 1456 5040">
    <p class='ocr_par' dir='ltr' id='par_1_8' title="bbox 0 0 1456 5040">
     <span class='ocr_line' id='line_1_43' title="bbox 0 0 1456 5040; baseline 0 4"><span class='ocrx_word' id='word_1_373' title='bbox 0 0 1456 5040; x_wconf 95' lang='lat' dir='ltr'> </span> 
     </span>
    </p>
   </div>
  </div>
 </body>
</html>
