2902 5040
669 300 892 366 ..pg-

211 477 242 538 in
265 495 291 536 v.
315 477 356 539 86
379 484 407 538 et
430 475 471 538 89
493 484 538 538 est
561 477 702 557 particula
723 496 794 539 nom
815 486 952 539 ornatam
982 478 1125 538 excidisse
1152 487 1248 557 putes,
1281 498 1354 558 pro·

210 575 333 638 bibetur
353 585 383 637 et
405 593 436 637 re
460 585 491 637 ct
512 575 668 638 verborum
690 578 723 637 in
745 594 771 637 r.
796 575 833 637 lli
858 577 948 639 modo
971 577 1188 652 coniunctivolt
1301 614 1305 626 ·

313 715 390 776 Num
414 715 484 777 vada
507 713 643 778 subnatis
667 715 727 776 imo
750 714 915 776 viridentur
935 716 972 777 ab
995 700 1111 805 herbis,
1222 770 1226 774 .
1293 720 1296 726 “
1321 690 1324 695 ’

312 811 434 891 Gurgite
456 819 486 873 et
508 818 541 874 ut
564 813 692 874 conchae
713 812 804 893 piscis
824 821 963 894 pascatur
985 814 1095 876 inertes

312 910 504 990 Oblectetque
527 929 623 971 moras
646 910 778 972 etmulti
802 911 910 972 serviat
932 912 1022 991 algae
1067 914 1071 921 ’

211 1047 346 1110 Conchas
370 1049 451 1110 enim
474 1067 562 1129 quam
586 1047 712 1119 maxime
738 1048 773 1110 ad
801 1047 919 1111 mollem
951 1048 1044 1128 algam
1066 1048 1223 1158 pertinere
1244 1057 1353 1137 notum

211 1155 241 1207 et
263 1155 307 1207 est
330 1155 360 1208 et
381 1155 454 1208 tunc
476 1147 542 1208 fuit.

296 1246 352 1306 Sed
376 1252 410 1308 ut
431 1246 469 1308 ad
490 1264 609 1309 versum
631 1246 690 1307 iam
712 1243 753 1308 89
767 1247 891 1325 gradum
906 1246 1081 1329 referamus,
1104 1245 1154 1309 ubi
1175 1246 1247 1309 litus
1264 1265 1353 1308 mon-

209 1345 286 1408 tium
309 1344 423 1407 umbris
453 1346 580 1410 horrens
604 1344 727 1418 dicitur,
756 1344 880 1408 omnino
893 1362 951 1407 ⁴me
978 1362 1038 1407 non
1063 1344 1354 1424 perspicere-*fateor

210 1444 280 1523 quid
304 1444 343 1505 sit
364 1444 434 1506 illud
457 1445 536 1526 quod
560 1443 693 1506 additur:

409 1581 479 1626 nam
501 1563 580 1624 varie
602 1563 723 1643 qnidam
745 1563 924 1644 fugiuntque
945 1560 1123 1644 petuntque
1175 1567 1177 1571 ’
1227 1570 1230 1575 ’
1344 1610 1347 1618 .

209 1701 326 1780 Aliquid
352 1702 495 1780 cogitasse
523 1702 698 1781 scriptorem
726 1700 927 1763 necessarium
950 1710 1010 1787 est3
1043 1703 1093 1764 s'ed
1118 1701 1192 1771 nihil
1214 1702 1354 1782 cogitavit

208 1800 266 1862 nisi
287 1800 401 1862 addidit
424 1800 570 1861 obiectum
587 1800 667 1879 quod
682 1800 835 1880 fugeretur
850 1819 886 1879 pe
887 1809 1045 1864 t.ereturve
1083 1800 1209 1863 Umbras
1232 1800 1352 1892 cogitari

208 1899 314 1979 aliquis
337 1898 477 1974 coniciat3
509 1900 561 1960 sed
585 1918 638 1960 cur
659 1898 728 1960 inde
751 1917 812 1960 non
835 1898 939 1960 maluit
960 1899 1062 1961 scribi:
1095 1919 1166 1980 quos
1186 1903 1267 1961 corte
1284 1903 1351 1985 qui-

210 1996 278 2058 dum
298 1999 432 2077 suqiuutq
434 2016 468 2058 ue
486 1994 662 2078 petuntque?
699 1997 795 2078 Atque
817 1996 905 2058 etiam
928 2005 991 2059 tum
1015 2016 1107 2060 sensu
1130 1997 1246 2078 quidam
1268 2016 1351 2066 care-

208 2100 264 2180 ret.
312 2094 413 2156 Vcrius
442 2114 507 2156 rem
536 2093 707 2176 explicabis:
742 2113 811 2156 nam
835 2093 913 2156 varia
935 2093 1006 2157 varii
1029 2093 1147 2174 fugiunt
1170 2095 1213 2156 vel
1234 2101 1351 2175 petunt,

208 2209 306 2273 neque
328 2193 406 2254 enim
428 2192 618 2264 ¹dissimiliter
641 2214 664 2255 v.
689 2191 729 2255 92
753 2193 877 2256 dicitur:
905 2192 1062 2273 Discripsit
1087 2193 1172 2255 sedes
1196 2193 1274 2255 varie
1297 2211 1352 2256 na·

208 2298 274 2351 tura
301 2292 451 2370 profundi.
498 2291 554 2352 Sed
578 2311 612 2352 eo
636 2292 728 2370 magis
756 2300 786 2352 et
808 2290 958 2352 obiectum
982 2291 1163 2355 desiderabis
1186 2299 1216 2352 et
1234 2291 1353 2375 ,vitupe-

207 2387 287 2449 rabis
310 2389 433 2469 qut‘dcm.
471 2388 534 2460 Qua
557 2389 593 2450 de
616 2408 703 2451 causa
725 2389 822 2452 facere
844 2406 905 2450 non
925 2382 1138 2471 possum'qoin
1154 2390 1352 2453 mutationem

208 2486 413 2548 commendem
436 2485 527 2546 hanc:

393 2614 463 2657 nam
486 2597 564 2659 varie
587 2598 731 2678 quaedam
755 2597 933 2679 fugiuntque
955 2607 1138 2681 petuntque:

207 2754 276 2797 nam
304 2740 394 2814 pisces
421 2735 585 2797 subiectum
609 2755 666 2817 qua
688 2736 752 2815 lege
775 2737 973 2816 supplendum
996 2746 1075 2799 esset
1097 2725 1196 2815 supra
1212 2736 1351 2799 indicari.

206 2835 308 2915 ltaque
337 2835 429 2895 multa
459 2833 595 2913 quidem,
628 2835 738 2914 inquit,
773 2853 879 2898 omnes
909 2836 1002 2916 pisces
1030 2835 1197 2897 communia
1228 2835 1355 2908 babent,

207 2933 351 3013 quaedam
387 2941 485 2994 tamen
518 2951 580 2993 non
614 2933 783 2995 communia
813 2934 893 2995 velut
923 2934 1007 2995 litora
1029 2934 1100 2995 solis
1123 2933 1186 2994 luce
1210 2933 1350 2996 carentia.

206 3032 249 3092 Ex
272 3049 329 3110 qua
351 3029 477 3090 lectione
500 3045 573 3091 num
597 3031 681 3110 plura
703 3040 926 3110 consequantur
948 3049 1029 3092 nunc
1051 3049 1113 3093 non
1136 3032 1316 3111 quaerimus.
1346 3066 1350 3073 ·

292 3127 336 3187 Ne
359 3144 427 3187 vero
451 3126 547 3187 officio
570 3146 637 3189 meo
658 3128 781 3189 omnino
802 3127 904 3189 deesse
926 3128 1034 3203 ridear,
1058 3129 1189 3208 castigati
1205 3137 1276 3190 sunt
1299 3129 1351 3210 qui

207 3227 373 3304 oblectetque
395 3242 493 3286 morus
514 3242 574 3286 non
595 3225 792 3306 scripsissent,
816 3227 974 3305 castigetur
1000 3243 1082 3289 nunc
1110 3226 1161 3307 qui
1187 3227 1352 3307 scripserit:

205 3325 313 3386 Durius
325 3324 456 3402 primum
479 3324 616 3402 estquod
631 3323 791 3385 ablativum
803 3322 904 3385 omisit
919 3323 983 3384 eius
995 3324 1039 3385 rei
1053 3341 1111 3403 qua
1125 3330 1244 3405 tempus
1260 3342 1352 3387 suum

205 3421 295 3504 piscis
329 3419 505 3496 oblectaret:
539 3440 635 3502 neque
672 3423 753 3483 enim
790 3422 817 3482 si
853 3420 992 3483 dicimus:
1031 3420 1126 3482 studia
1152 3429 1351 3484 senectutem

206 3520 364 3592 oblectent,
388 3521 473 3599 quale
496 3520 573 3598 apud
590 3520 761 3581 Ciceronem
785 3517 885 3580 estin
907 3518 1039 3578 oratione
1060 3536 1115 3596 pro
1130 3519 1352 3599 Arcbiapoeta,

205 3617 421 3682 desiderabitur
454 3618 610 3689 ablativus,
625 3659 628 3663 ,
644 3617 695 3679 sed
717 3616 850 3695 intellegi
877 3611 1030 3676 volumus:
1064 3604 1210 3678 oblectare
1242 3618 1352 3681 studiis

205 3723 389 3779 senectutem
408 3734 577 3796 possumus.
622 3715 704 3777 Nova
716 3723 813 3776 autem
830 3713 949 3776 audacia
966 3714 1081 3776 vincere
1096 3713 1232 3776 Ovidium
1247 3715 1352 3791 voluit,

204 3835 272 3878 cum
296 3813 411 3876 moris
434 3823 485 3875 aut
508 3812 671 3894 simplicem
695 3814 848 3875 notionem
871 3802 1015 3892 temporis
1041 3813 1123 3873 daret
1155 3819 1207 3873 aut
1239 3816 1352 3876 rectius

204 3914 396 3995 (quamquam
420 3910 536 3990 ambigi·
550 3913 658 3992 possit)
680 3930 734 3992 pro
749 3918 829 3973 certa
850 3909 978 3970 statione
998 3917 1027 3972 et
1046 3903 1228 3972 habitatione
1251 3928 1353 3974 moras

205 4013 249 4075 rel
271 4011 535 4073 commorationem
558 4010 696 4090 posuisse
718 4010 882 4084 rideretur3
904 4008 956 4070 sed
980 4009 1161 4071 contrarium
1188 4017 1233 4070 est
1261 4015 1353 4089 atque

204 4128 412 4191 quemcunque
434 4110 532 4170 locum
555 4108 648 4176 adibis
670 4126 787 4187 semper
809 4105 920 4187 aliquid
942 4107 1005 4167 voci
1032 4107 1111 4166 inest
1142 4106 1353 4187 impedimenti

205 4207 264 4289 quo
287 4229 303 4270 a
325 4228 358 4269 re
382 4207 533 4288 proposita
566 4207 770 4277 detineamur,
803 4205 882 4284 quod
916 4222 1021 4284 parum
1055 4203 1088 4263 in
1121 4203 1233 4283 piscem
1266 4203 1352 4268 illum

204 4306 334 4387 quadrat
360 4304 441 4368 ‘lam
469 4305 542 4367 satis
570 4304 718 4366 intellecta
747 4302 904 4382 fragmenti
928 4302 1016 4363 buius
1049 4301 1161 4381 species
1195 4311 1239 4364 est
1272 4305 1352 4367 inter

204 4407 342 4486 putidum
365 4422 535 4466 sermonem
558 4410 589 4463 et
610 4401 771 4464 inhabilem
794 4401 903 4463 misere
936 4399 1115 4461 fluctuantis.
1159 4401 1247 4474 Quod
1281 4404 1351 4482 quia
