2902 5040
608 273 828 336 ,24-

251 448 322 509 Nam
348 448 471 527 cupiunt
493 447 599 509 animis
622 448 749 528 palmam
771 449 961 529 gaudentque
983 449 1143 530 triumpho.
1197 474 1199 479 ·
1229 506 1232 523 ,
1280 490 1285 505 .

148 560 183 621 ln
207 578 294 621 versu
317 559 356 621 68
379 558 469 621 nimis
491 558 673 637 ineleganter
700 561 755 622 loci
783 560 911 623 indicem
941 561 1088 642 duplicem
1116 563 1292 642 accipimus:

149 668 254 738 septem
286 661 383 738 spatiis
410 676 509 737 neque
541 674 603 719 non
632 662 713 720 coreo.
771 659 855 722 Circo
881 659 1035 723 abiecisset
1064 667 1095 721 et
1121 660 1243 722 Ovidius
1263 669 1295 722 et

150 775 238 818 verus
268 757 394 837 quisque
420 765 516 837 poeta.
548 757 642 829 Quam
665 756 734 818 trita
758 758 838 819 enim
862 758 894 819 in
915 758 989 820 urhe
1012 757 1193 820 circensibus
1216 760 1294 821 cele·

149 855 278 935 herrinpe
310 856 402 935 spatia
430 863 553 934 septem
573 855 684 923 suerint
712 855 782 917 satis
809 856 1003 918 illustrabitur
1022 874 1090 918 uno
1114 857 1195 919 Grati
1217 859 1294 932 loco,

150 953 200 1016 ubi
223 973 332 1033 equum
355 954 454 1015 laudat
474 953 656 1014 indefessum
680 954 767 1016 etiam
790 955 815 1014 si
845 964 1001 1016 centum·
1026 955 1164 1034 spatiis
1192 941 1296 1034 agatur
1341 968 1342 971 ’

151 1059 249 1130 (erant
270 1052 413 1113 nimirum
437 1053 488 1132 qui
505 1052 552 1113 hic
567 1071 684 1133 quoquc
706 1062 810 1133 septem
831 1057 930 1132 spoliis
944 1053 1000 1132 legi
1015 1053 1187 1128 iuberentlt.
1205 1062 1295 1133 atque

151 1171 227 1233 quae
249 1159 417 1231 temporum
441 1150 548 1211 iniuria
572 1167 634 1211 non
655 1150 767 1230 integra
791 1158 928 1212 tenemus
950 1158 1029 1212 certa
1052 1152 1220 1220 coniectura
1243 1170 1294 1212 re-

151 1250 319 1328 dintegrare
351 1247 477 1322 iuvabit3
512 1255 582 1309 sunt
615 1255 714 1310 autem
743 1248 824 1311 Grati
848 1249 1034 1317 1111111515
1058 1251 1294 1330 sqq.·‚.primum

152 1350 246 1422 enim,
280 1355 314 1408 ut
352 1347 459 1409 mirum
500 1344 571 1407 illud
610 1346 758 1409 morethiis
790 1347 925 1422 tollatur,
962 1347 997 1409 de
1024 1348 1118 1431 equis
1155 1347 1294 1429 Hispanis

152 1447 224 1509 hacc
246 1447 323 1526 lege:

252 1560 319 1620 Non
341 1564 440 1619 tamen
462 1534 593 1636 Hispano
615 1524 739 1632 Martem
762 1528 908 1637 temptare
931 1558 1057 1651 maligno

254 1656 365 1718 Ausim
412 1654 573 1718 lluricibus
596 1656 641 1716 111
665 1673 726 1728 ora,
750 1655 864 1717 tenacia
886 1655 972 1728 freni,

253 1734 437 1815 Concedunt..

155 1879 311 1941 concedere
334 1879 444 1957 pariter
466 1885 555 1958 atque
578 1879 752 1960 cedercpro
776 1879 964 1940 intransitive
987 1877 1175 1954 habendum
1202 1880 1297 1940 muri·

153 1978 236 2039 cibus
264 1984 417 2057 asperatur
451 1977 584 2050 lrenum3
617 1980 752 2039 conferre
783 1976 895 2056 placeat
927 1975 1002 2038 Stati
1028 1977 1098 2054 doh.
1121 1978 1143 2050 l,
1169 1998 1196 2039 v.
1223 1977 1296 2038 221.

153 2077 262 2137 Contra
285 2074 478 2136 Numidarum
502 2093 597 2154 equus
620 2067 822 2152 ἅχαλίνωτος
841 2072 1009 2153 regebatur,
1039 2073 1104 2135 vide
1127 2074 1296 2147 Nemesiani

152 2195 178 2235 1.
203 2173 282 2253 264,
305 2173 436 2235 Crameri
458 2174 514 2234 dn.
539 2173 633 2234 Oxou.
656 2172 692 2233 lV
714 2191 742 2252 p.
767 2173 842 2247 2573
864 2190 956 2251 quare
971 2172 1105 2233 infrenus
1125 2171 1195 2235 dier
1217 2175 1296 2254 apud

153 2272 311 2352 Vergilium
333 2271 417 2332 audit
444 2271 517 2332 Aen.
541 2272 586 2357 lll,
614 2270 672 2343 413
699 2271 736 2331 11.
760 2270 822 2332 Livi
845 2269 895 2342 21,
911 2271 962 2341 41,
992 2271 1043 2331 Sili
1065 2271 1111 2345 lv,
1135 2270 1211 2346 3133
1244 2271 1296 2334 scd

152 2372 305 2449 „ignarum
326 2358 454 2430 habenis
471 2369 548 2447 virga
571 2369 667 2446 regit“
684 2367 833 2429 Claudian.
849 2366 920 2429 Bell.
938 2366 1012 2428 Gild.
1029 2366 1105 2444 4373
1128 2366 1295 2437 Nemesion.

152 2467 224 2530 267.
268 2468 370 2546 ltaque
393 2484 454 2528 non
475 2474 592 2545 poterat
614 2484 677 2527 non
699 2467 740 2530 ita
762 2483 887 2546 pergere
909 2464 1042 2528 Gratius:

382 2570 419 2631 At
442 2576 505 2630 tota
526 2569 581 2630 levi
603 2566 781 2631 Nasamonio
803 2569 883 2649 virga
997 2634 1010 2655 Α

252 2668 351 2748 Fingit
374 2687 477 2748 equos
521 2667 594 2748 lpsis
618 2666 764 2756 Numidae
788 2669 900 2730 solvere
922 2667 1061 2748 capistris
1128 2700 1137 2745 ·.

253 2767 354 2829 Audax
376 2776 406 2828 et
426 2773 477 2846 pat
478 2767 542 2829 iens
565 2785 690 2847 operum
719 2784 822 2845 genus.

154 2877 1048 2959 (11111101111111.11111411111111111111111111111.
1098 2836 1299 2958 Deindequia

154 2996 298 3041 numerus
327 2977 484 3057 singularis
519 2977 615 3057 (ectus
639 2977 844 3053 eluctabitur),
873 2977 1065 3061 insequitur
1073 2994 1198 3044 novum
1212 2975 1243 3037 in
1272 2996 1298 3037 1.

154 3076 216 3138 519
239 3076 374 3139 adfuerat
396 3077 577 3151 subiectum3
599 3077 641 3138 ita
664 3078 739 3138 lere:

760 3173 813 3237 Hic
835 3191 930 3253 equus
953 3190 1071 3233 acer

257 3273 332 3334 Cent
320 3280 382 3334 utm
407 3281 490 3335 ectus
513 3274 624 3354 spatiis,
648 3280 736 3351 etque
759 3270 964 3334 eluctabitur
955 3288 1038 3332 uam

240 3394 292 3456 Mit
280 3403 325 3456 tto
359 3414 462 3456 ursum
497 3394 534 3455 ab
570 3394 662 3457 antris
697 3393 825 3456 Lucanis
859 3391 1062 3472 provolutum,
1095 3390 1158 3453 Hal.
1193 3407 1220 3450 v.
1248 3389 1299 3463 58,

156 3513 259 3575 neque
282 3492 372 3554 nimis
401 3511 505 3574 premo
535 3493 612 3571 quod
642 3511 666 3556 1
692 3493 732 3552 50
761 3491 897 3554 animalia
923 3488 1027 3551 timida
1051 3495 1080 3549 et
1109 3468 1229 3566 fugitiva
1252 3488 1298 3549 di-

155 3599 264 3653 cuntur
292 3591 455 3671 lpmplooto3
481 3591 573 3651 semel
605 3598 721 3652 tantum
756 3590 833 3672 apud
856 3590 1006 3650 Nasonem
1028 3586 1087 3647 hoc
1108 3585 1232 3648 verbum
1248 3591 1301 3647 est

155 3690 225 3752 Met.
248 3689 304 3767 XI,
340 3710 366 3750 1.
397 3688 415 3749 3
445 3689 659 3768 aptissimeque
694 3689 729 3749 de
760 3687 932 3751 hominihus
968 3693 1129 3764 usurpatur
1161 3683 1299 3745 hacchico

155 3790 256 3851 lurore
269 3789 376 3868 captis
396 3788 489 3850 Pavor
505 3806 641 3849 summus
661 3787 716 3872 luit
734 3788 783 3867 qui
803 3785 999 3867 lymphaticus
1011 3783 1159 3845 diceretur
1179 3781 1251 3855 (hir.
1264 3781 1300 3854 Χ,

156 3886 210 3967 28)
232 3896 336 3966 estque
357 3887 552 3948 attonitorum
578 3886 622 3946 111
638 3885 812 3948 furientium
830 3883 904 3959 (Lir.
922 3882 979 3955 llll,
997 3884 1036 3944 17
1041 3901 1051 3956 ;
1074 3881 1179 3944 811111.-
1194 3881 1246 3959 Ep.
1262 3881 1300 3952 H,

159 3988 186 4061 1,
210 3986 256 4066 9);
279 4000 376 4066 neque
398 3993 497 4048 tamen
521 3986 640 4047 Curtius
662 3985 706 4057 Vl,
730 3985 759 4058 6,
786 3983 823 4044 16
846 3981 975 4044 scrihere
995 4000 1086 4043 ausus
1117 3986 1162 4040 est
1185 3980 1301 4041 11111111-Ι

155 4094 226 4146 root
241 4084 387 4164 lymphati,
411 4083 462 4145 sed
479 4084 584 4146 similes
599 4084 758 4164 lymphatis,
782 4100 879 4161 neque
902 4080 1002 4143 Livius
1024 4081 1088 4141 loco
1105 4079 1187 4157 prius
1210 4076 1299 4139 citato

156 4183 368 4266 lymphaticum
407 4201 564 4262 pavorem,
602 4183 654 4244 sed
701 4182 805 4243 velut
844 4179 1054 4262 lymphaticum
1093 4177 1181 4250 dixit3
1221 4174 1301 4254 apud

156 4289 260 4360 poetas
295 4282 331 4341 de
364 4279 532 4341 amentibus
563 4289 608 4341 est
634 4281 815 4357 Vergrlen.
839 4277 1012 4350 1’11,377;Ι
1036 4274 1145 4336 Lucan.
1169 4274 1191 4344 1,
1222 4272 1300 4346 4963

158 4381 208 4441 Sil.
234 4381 253 4453 l,
277 4379 357 4452 4593
382 4379 455 4440 Stat.
484 4378 574 4440 Theb·
597 4379 640 4451 x,
667 4380 728 4439 557
753 4378 801 4440 uhi
824 4397 914 4458 pavor
942 4374 1030 4436 simul
1053 4372 1199 4450 cogitatur
1222 4371 1300 4434 haud
