2902 5040
600 305 844 369 -119-
950 312 1036 327 ”

150 478 290 543 Graecam
314 497 417 543 vocem
441 497 506 541 esse
527 486 624 558 patet,
658 496 816 541 numerum
853 479 996 558 pluralem
1027 496 1091 541 esse
1117 478 1177 543 veri
1200 479 1295 543 simile

150 585 214 653 est;
240 578 295 641 sed
319 577 476 639 verborum
499 577 612 657 copiam
636 596 651 637 a
671 597 693 657 p
715 577 812 641 littera
834 577 952 641 initium
975 577 1148 640 ducentium
1171 595 1292 641 omnem

150 675 342 755 circumspice
374 693 408 738 ac
436 676 602 754 pervoluta3
640 674 779 737 auxilium
815 676 929 738 nullum
962 675 1094 739 cernitur
1127 674 1184 736 nisi
1216 675 1293 737 lorte

148 774 298 853 premodea
320 774 454 853 placeant
477 774 634 836 autetiam
659 770 821 852 πεπρίλος
843 774 891 835 ille
906 774 984 853 apud
1001 772 1176 853 Hesychium
1193 773 1291 852 piscis.

151 871 251 951 ltaque
273 872 368 935 donec
389 871 509 933 audacia
531 891 620 950 quam
643 872 809 950 desperatio
832 871 947 950 dignior
969 871 1105 933 laudibus
1128 871 1193 944 erit,
1217 872 1292 933 viam

150 970 223 1033 mibi
247 971 397 1050 hancque
421 970 526 1033 incedo
542 971 683 1033 concedet
697 970 741 1030 val
756 970 869 1033 cautior
885 970 988 1031 animi.
1019 969 1114 1033 Habet
1135 969 1215 1033 enim
1233 970 1291 1031 lle·

149 1068 268 1149 sycbius
291 1070 448 1151 σφραγίς·
477 1064 599 1150 χελώνη
627 1087 715 1148 quam
740 1068 920 1131 testudinem
944 1067 1100 1148 aquatilem
1124 1068 1294 1147 intellegere

151 1184 217 1229 esse
232 1185 270 1228 ne
285 1167 403 1241 dubita3
424 1166 465 1227 ita
488 1166 597 1229 ibidem
613 1164 755 1248 ιλεμμύς
770 1162 903 1248 χελώνη.
940 1168 977 1228 tt
999 1185 1069 1229 vero
1090 1167 1169 1231 istud
1185 1167 1293 1229 animal

149 1265 262 1327 dictum
284 1265 412 1345 sigillum
432 1265 523 1328 fuisse
545 1265 623 1328 inter
646 1285 679 1327 ea
703 1265 844 1327 maribilia
867 1274 913 1329 est
934 1264 1040 1344 quibus
1064 1283 1101 1327 ne
1123 1264 1293 1346 superstitio

150 1363 271 1442 quidem
294 1364 413 1425 credula
435 1364 614 1442 adsuetaque
637 1364 826 1427 admirationi
850 1364 937 1427 tidem
953 1363 1068 1427 babeat.
1105 1364 1182 1436 Quid
1205 1363 1296 1444 igitur

149 1458 222 1523 illut
245 1479 358 1523 errasse
374 1461 551 1541 Hesychium
567 1461 782 1540 suspicabitur3
802 1469 891 1540 atque
912 1461 967 1525 uisi
990 1461 1161 1527 inventione
1175 1460 1294 1530 carebit,
1338 1530 1340 1535 ¹

150 1559 297 1623 etiamad
319 1559 430 1621 rectius
446 1558 624 1634 deducetur;
646 1559 711 1621 vide
727 1559 806 1621 enirn
823 1558 895 1621 mihi
917 1578 951 1620 ac
965 1560 1114 1639 perpende
1136 1577 1210 1621 uum
1231 1560 1294 1640 ipse

150 1657 240 1719 index
260 1656 338 1719 Plini
360 1658 488 1718 sormam
520 1657 674 1720 rectiorem
709 1657 871 1719 servaverit
890 1657 984 1719 hanc:
1014 1657 1176 1738 pbroya‘des.
1219 1657 1294 1719 Nam

150 1750 314 1836 φράσσειν
336 1762 382 1814 est
404 1764 493 1833 tepere
514 1772 632 1815 armore
648 1755 877 1827 circumuallare,
902 1755 979 1817 uude
995 1763 1026 1817 et
1040 1751 1235 1837 φράγμαοα;
1256 1775 1294 1817 an

150 1853 273 1915 verbnm
289 1853 446 1930 excogitari
462 1861 560 1930 potest
576 1852 654 1917 aliud
671 1852 707 1913 ad
725 1852 875 1915 munitum
898 1852 968 1914 illud
991 1861 1021 1913 et
1043 1852 1185 1915 ferratum
1209 1854 1293 1931 quasi

149 1959 180 2012 et
201 1938 385 2013 thoracatum
402 1951 507 2013 animal
524 1950 737 2028 designandum
754 1949 921 2028 promptius
936 1949 982 2010 vel
997 1947 1168 2013 minacius?
1199 1950 1291 2023 Quale

149 2049 239 2111 etiam
270 2049 386 2126 liuguae
409 2049 625 2109 Germanorum
659 2048 694 2109 ad
729 2065 790 2107 rem
825 2047 968 2127 adplicare
1001 2048 1147 2127 placuisse
1180 2049 1294 2129 experti

149 2165 263 2210 suiuus
307 2146 411 2225 ltaque
434 2145 608 2225 Hesychium
633 2145 742 2207 infelici
776 2163 877 2208 errore
900 2147 1021 2226 φραγίς
1051 2164 1117 2213 cum
1153 2150 1294 2228 σφραγίς

149 2243 372 2307 commiscuisse
395 2243 519 2304 conicio.

235 2343 402 2404 Acharne
429 2341 460 2402 iu
484 2341 615 2419 catalogo
642 2341 732 2403 latino
755 2341 895 2404 scribitur
922 2358 1014 2420 eaque
1042 2340 1111 2401 binc
1140 2342 1236 2421 repeti
1263 2343 1293 2405 in

151 2443 262 2505 Polemi
279 2441 351 2503 Silvi
373 2440 513 2503 laterculo
529 2441 662 2503 videatur
677 2440 728 2520 qui
742 2440 832 2503 habet
853 2457 974 2514 οιιιιιος
997 2440 1100 2502 eadem
1122 2439 1218 2503 forma
1233 2440 1292 2503 Lu-

151 2541 236 2602 cilius
258 2540 290 2602 in
312 2540 408 2620 primo
431 2540 585 2601 satirarum
610 2557 682 2601 usus
706 2558 770 2600 esse
794 2539 939 2600 creditur:

651 2650 808 2713 abdomina
831 2650 937 2730 thynni

251 2747 481 2811 Advenientibus
503 2747 586 2826 priva
607 2748 684 2811 dabo
707 2748 922 2827 cephalaeaque
943 2763 1067 2811 acernae

151 2860 237 2936 (Luc.
260 2858 441 2921 Lachmanni
475 2876 502 2918 v.
524 2856 563 2918 21
587 2876 632 2937 sq.
666 2877 703 2919 ex
723 2858 817 2918 Gellio
845 2858 946 2929 xro,
968 2859 1008 2933 41
1041 2874 1222 2937 quamquam
1257 2879 1294 2920 ne

108 2980 113 2988 ·
151 2961 255 3027 οοοοιιι·
274 2957 419 3036 scriptum
442 2955 534 3017 luerit
554 2973 616 3017 nou
639 2956 764 3016 omniuo
785 2956 842 3018 tuti
865 2956 997 3017 videmur
1020 2955 1100 3030 (libri
1122 2972 1227 3018 acerne
1249 2959 1293 3019 rel

150 3059 259 3131 carna).
282 3055 412 3117 blemoro
429 3061 528 3116 antem
539 3054 604 3115 loco
617 3054 748 3133 quodam
759 3053 876 3133 poetico
887 3053 965 3132 apud
974 3054 1294 3132 athenaeumpnndh

150 3154 188 3215 de
208 3152 267 3215 hoo
288 3153 368 3233 pisce
383 3171 417 3214 ex
433 3152 522 3213 Callia
538 3159 658 3231 sumpto
674 3152 828 3231 cephalaea
847 3151 937 3215 tribui
955 3149 1055 3230 potius
1078 3151 1206 3231 thynno:
1248 3187 1250 3190 >

137 3304 142 3315 -
251 3257 393 3344 κίθαρος
415 3256 518 3336 ὀπτὸς
540 3257 595 3323 καὶ
618 3261 713 3343 βατὶς
736 3260 883 3325 θύννου
905 3284 945 3323 τε
966 3259 1188 3342 κεφάλαιον
1208 3262 1293 3336 τοδί,

251 3360 400 3439 ἐγχέλεια
422 3358 563 3442 κάραβοι
585 3358 693 3433 λινεύς
715 3356 887 3440 ἄχαρνος
909 3351 1035 3423 οὑτοσί.

151 3480 245 3547 Etiam
263 3486 293 3546 in
305 3484 410 3547 Athen.
427 3506 455 3566 p.
468 3476 559 3547 35613
574 3484 693 3565 thynnis
709 3493 738 3546 et
760 3502 885 3546 acarnau
901 3485 1132 3564 coniunguntur.
1168 3484 1202 3546 ln
1219 3442 1294 3547 Enni

152 3590 252 3657 autem
277 3582 521 3662 lleduphageticis
543 3602 605 3645 non
628 3593 707 3649 recte
730 3583 877 3644 Vahlenus
901 3581 1013 3643 eddidit
1035 3602 1062 3644 v.
1080 3578 1134 3644 10‘:

252 3692 378 3775 Polypus
402 3693 553 3774 Corcyrae,
576 3692 698 3764 calvaria
720 3692 840 3774 pinguia
864 3711 1039 3769 acarnae3

151 3818 280 3896 primum
303 3819 384 3881 euim
408 3819 507 3898 oppidi
531 3819 612 3880 velut
629 3817 756 3881 Aternus
778 3819 892 3881 mentio
915 3819 978 3899 ipsa
1001 3819 1165 3884 sententiae
1187 3826 1294 3881 natura

151 3915 328 3994 elllagitatur
351 3917 477 3995 eiusque
499 3916 588 3978 etiam
605 3915 762 3997 vestigium
786 3936 848 3979 non
867 3915 1029 3981 obscurum
1050 3917 1080 3979 in
1096 3915 1293 3979 Laurentiano

151 4031 211 4076 uuo
238 4012 487 4094 deprehenditur3
524 4013 630 4077 deinde
664 4033 732 4075 vero
765 4016 844 4077 calva
878 4033 999 4077 acernae
1033 4015 1124 4095 accipi
1157 4032 1211 4094 pro
1244 4034 1293 4075 ce-

151 4111 273 4191 phalaeo
296 4111 423 4174 voluisse
444 4112 488 4173 vir
503 4111 691 4174 doctissimus
706 4113 837 4174 videtur:
862 4121 924 4175 tum
947 4132 1015 4175 vero
1038 4131 1105 4175 ossa
1127 4131 1182 4192 pro
1206 4129 1293 4175 carne

151 4210 235 4288 gulae
258 4210 343 4274 dabat
365 4210 570 4272 Archestratus
593 4211 755 4273 Romanus.
800 4211 879 4285 Quin
907 4212 997 4273 etiam
1024 4210 1180 4291 pinguia
1212 4229 1291 4273 ossa:

152 4308 284 4370 Hicesius
317 4317 420 4370 contra
454 4308 548 4388 ipsam
582 4310 742 4386 acharnam
778 4310 877 4371 minus
910 4310 1052 4388 pinguem
1086 4327 1151 4369 esse
1185 4308 1293 4371 debere

151 4406 279 4505 domitat
295 4408 400 4469 Athen.
421 4427 450 4489 p.
468 4407 582 4469 3271)..
617 4407 655 4469 At
684 4425 754 4469 vero
782 4425 845 4469 uon
871 4426 926 4487 pro
954 4417 1034 4488 parte
1062 4407 1217 4506 aquatilis„
1242 4409 1291 4505 sed

1082 4508 1133 4562 12*
