2902 5040
619 305 836 372 ..gq-

151 484 182 544 id
205 484 286 563 quod
309 484 471 546 clarissimo
495 483 626 544 Senecae
655 482 827 544 testimonio
860 490 976 543 constat
998 483 1294 559 Controv.l12,12;

153 590 184 645 at
205 582 304 643 minus
326 591 398 662 puta
421 581 615 660 displicuisset
637 581 660 641 si
684 579 812 641 scribere
834 580 980 642 licuisset:

253 698 408 778 Egclidum
432 698 541 758 borean
565 696 771 775 egelidumque
793 704 909 757 notum.

152 822 186 881 ln
209 821 258 882 illo
279 839 351 884 -vero
372 821 410 882 de
433 821 608 883 Nereidibus
630 828 818 900 pentametro
841 821 876 881 ad
905 820 997 901 ipsam
1021 824 1200 903 anaphoram
1224 788 1303 904 par-¹

151 919 243 981 ticula
259 937 378 999 quoque
393 926 484 980 tracta
500 928 545 980 eet
559 917 605 980 bis
620 919 733 998 posita3
755 919 838 980 cuius
854 919 960 980 similia
976 921 1294 1001 suntProp.113‚44:

255 1018 343 1080 Uret
365 1025 402 1079 et
424 1017 501 1079 Eoos
524 1026 606 1078 uret
628 1026 666 1078 et
687 1017 846 1098 Hesperios

152 1135 183 1188 et
205 1128 284 1208 quod
307 1127 375 1190 inde
398 1128 512 1189 effinxit
533 1127 611 1189 Naso
634 1128 697 1191 Am.
717 1128 727 1187 l
746 1128 793 1200 15,
809 1126 868 1187 29:

254 1227 382 1289 Gallus
405 1235 442 1288 et
462 1225 616 1307 Hesperiis
639 1233 674 1287 et
696 1225 828 1288 Gallus
851 1234 941 1289 notus
963 1227 1049 1302 Eois3

152 1339 575 1419 eonsentientes
597 1341 660 1403 mv
677 1339 754 1416 8303
776 1340 841 1402 xru
858 1341 917 1403 eor
945 1343 993 1417 (cr,
1016 1343 1106 1404 atram
1121 1344 1147 1404 n
1163 1346 1254 1421 rest:

255 1451 1140 1532 Omnibusbislaciemquesuamfaciemquelocorum
1150 1456 1296 1519 Reddidit.

255 1553 359 1615 Felix
381 1561 415 1615 et
438 1561 516 1624 nato,
539 1552 632 1613 lelix
653 1559 690 1612 et
712 1551 838 1630 coniuge
860 1551 975 1614 Peleus.

255 1651 279 1711 0
302 1659 336 1712 ct
357 1651 393 1713 de
414 1650 497 1712 Latio
520 1671 537 1712 o
561 1659 596 1712 et
618 1651 654 1712 de
676 1658 762 1729 gente
785 1650 890 1711 Sabina

255 1749 304 1809 llle
325 1757 426 1811 tamen
449 1749 681 1828 placeatque
704 1747 776 1809 sibi
799 1748 1022 1828 placeatque
1044 1750 1145 1813 licebit

254 1847 340 1920 Quod
362 1847 482 1925 nollem,
507 1847 633 1921 Galatea,
656 1846 735 1908 tibi.

152 1957 256 2038 Neque
278 1957 363 2019 aliter
384 1957 556 2037 Propertius
579 1957 657 2028 120,
674 1956 733 2028 26;
755 1955 861 2028 11126,
878 1956 932 2017 56:

255 2056 356 2117 Hunc
377 2075 495 2136 super
517 2064 548 2118 et
570 2056 656 2116 Zetes
679 2055 778 2116 hunc
799 2073 912 2134 super
935 2064 964 2116 et
986 2055 1079 2117 Calais

256 2155 374 2215 Purus
396 2162 431 2215 et
454 2154 545 2215 Orion
567 2173 684 2234 purus
707 2161 744 2214 et
765 2153 886 2215 Haedus
909 2154 974 2214 erit.

154 2269 292 2342 Quocum
316 2267 418 2329 confer
441 2267 528 2330 ctiam
552 2266 659 2327 Tibulli
675 2264 731 2337 12,
747 2263 803 2338 693
826 2267 854 2338 4,
871 2267 905 2325 5;

255 2364 371 2426 Totus
395 2373 431 2427 et
452 2372 574 2444 argento
597 2371 763 2437 contextus,
786 2370 889 2425 totus
913 2371 948 2424 et
970 2381 1052 2425 auro.

256 2463 382 2525 Nudus
405 2471 440 2524 et
461 2463 603 2524 hibernae
627 2462 764 2542 producis
786 2461 894 2540 frigora
917 2463 1039 2524 brumae

355 2560 482 2623 Nudus
506 2568 542 2621 et
564 2561 666 2621 aestivi
688 2567 825 2640 tempora
847 2560 922 2622 sicca
945 2561 1025 2623 canis
1286 2634 1288 2639 .

152 2660 185 2719 in
213 2657 321 2738 quibus
351 2667 502 2738 tamquam
531 2658 663 2720 oblivisci
695 2666 781 2738 poeta
808 2658 939 2731 videtur,
971 2659 1055 2738 prius
1083 2667 1110 2719 et
1135 2659 1238 2720 adesse
1264 2670 1299 2721 ut

152 2757 398 2818 antecedentibus
428 2757 574 2819 sententia
607 2758 795 2829 adnectatur,
841 2759 886 2818 vel
929 2759 993 2836 ipse
1034 2776 1066 2818 se
1108 2767 1297 2819 correcturus

152 2857 276 2917 eandem
300 2855 476 2917 sententiam
500 2856 609 2918 iterum
626 2856 723 2917 dicere
746 2856 874 2934 adgredi,
898 2856 950 2916 sed
973 2874 1040 2917 ecce
1056 2874 1133 2915 novo
1157 2874 1222 2917 eam
1247 2858 1299 2917 de-

152 2972 223 3016 core
245 2961 428 3016 exornatam.
467 2955 535 3016 Non
558 2954 740 3016 dissimiliter
758 2954 883 3015 >Ovidius
899 2973 923 3015 e.
937 2971 963 3032 g.
980 2974 1015 3014 ex
1031 2954 1128 3016 Ponto
1144 2954 1180 3015 lv
1196 2952 1224 3025 8,
1242 2955 1297 3014 54:

255 3052 298 3114 Et
320 3053 500 3133 quicquid
522 3063 592 3132 post
614 3053 686 3114 baec
707 3053 883 3132 quicquid
907 3060 942 3113 et
963 3061 1032 3113 ante
1054 3053 1126 3127 fuit3

151 3174 239 3244 atque
262 3165 340 3226 idem
363 3164 431 3227 Met.
448 3166 470 3226 V
486 3164 548 3226 306
571 3174 602 3226 et
623 3165 796 3245 Propertius
820 3162 998 3236 11128‚53;
1022 3164 1059 3225 lV
1077 3163 1125 3237 12,
1143 3162 1199 3223 32;

253 3264 399 3343 Perque
420 3271 478 3325 tot
501 3263 678 3324 Haemonias
703 3271 740 3324 et
761 3281 826 3342 per
848 3271 903 3332 tot
924 3262 1066 3323 Achaidas
1089 3263 1187 3324 urbes.

252 3360 295 3421 Et
317 3369 405 3440 quot
428 3362 540 3423 Thraca
563 3361 631 3422 tulit
653 3369 736 3423 vetus
760 3368 795 3422 et
816 3370 907 3441 quot
928 3360 1034 3422 Achaia
1054 3361 1176 3423 formas.

253 3459 400 3540 Totque
422 3460 529 3522 hiemis
553 3468 657 3520 noctes
679 3467 816 3539 totque
840 3468 959 3521 natasse
982 3459 1052 3520 dies.

151 3569 230 3642 Quid
253 3573 333 3650 quod
356 3572 498 3651 Vergilius
520 3571 638 3652 scripsit
658 3573 731 3632 Aen.
747 3570 759 3631 l
775 3570 853 3630 222:

634 3669 725 3749 gemit
748 3678 778 3731 et
801 3668 928 3732 crudelia
952 3686 1052 3730 secum

252 3768 324 3829 Pata
347 3768 417 3848 Lyci
437 3768 652 3849 fortemque
675 3768 756 3848 Gyan
780 3770 995 3847 fortemque
1019 3766 1204 3828 Cloanthum.

149 3878 227 3940 sieut
250 3879 383 3941 Tibullus
400 3879 426 3940 ll
442 3879 471 3953 6,
487 3880 524 3942 9:

251 3977 350 4040 Castra
372 3986 441 4060 peto
465 3978 663 4058 valeatque
685 3979 783 4039 Venus
806 3977 1038 4057 valeantque
1060 3977 1185 4058 puellae.

89 4171 91 4173 Ι
149 4099 180 4152 et
200 4091 323 4152 Ovidius
347 4091 417 4151 Met.
433 4089 459 4149 X
474 4088 535 4151 722
559 4088 610 4168 (cl.
634 4089 895 4169 etiamvl1198):

250 4188 375 4250 Desiluit
397 4188 617 4271 pariterque
639 4187 737 4248 sinum
761 4187 981 4266 pariterque
1005 4187 1124 4265 capillos
1146 4185 1247 4264 Rupit.

235 4313 337 4392 ltaque
350 4313 382 4374 in
397 4312 444 4373 his
461 4313 562 4374 rocula
579 4311 744 4391 copulativa
759 4311 978 4388 elegentissime
995 4309 1134 4372 abundat.
1163 4311 1296 4371 Eandem

148 4418 249 4473 autem
270 4429 309 4473 ue
332 4411 481 4473 abundare
504 4411 623 4491 quidem
648 4411 713 4473 dico
740 4410 772 4470 in
794 4409 830 4470 iis
852 4410 994 4490 exemplis
1016 4409 1068 4470 ubi
1091 4410 1214 4472 verbum
1243 4409 1298 4496 alif
