2902 5040
576 353 846 452 Ι-161--

150 530 249 590 firmat
272 529 418 605 lsidorus3
451 529 601 610 pedalis
632 529 664 590 in
696 547 776 591 nono
804 529 878 591 libro
901 528 991 608 Nigro
1013 537 1146 591 auctore:
1180 527 1230 590 ubi
1252 546 1290 590 ne

150 626 226 688 forte
247 629 424 709 semipedales
447 628 569 702 inferas,
592 627 726 709 Oppiano
741 645 861 709 quoque
876 629 970 690 visum
994 629 1104 690 animal
1126 634 1177 689 est
1194 622 1291 710 μήκει

152 719 296 809 ἰσόπηχυ
317 727 417 801 1213,
453 726 503 789 uhi
538 727 572 788 ad
605 722 701 810 μήκει
734 727 890 789 scholiasta
922 722 1051 790 πλάτει.
1095 728 1226 806 Insuper
1244 725 1292 786 hic

151 833 254 886 auctor
276 843 338 887 non
362 826 486 890 echeneis
507 825 667 906 scripserat
699 828 751 888 sed
773 827 899 888 echeneis
921 827 1019 889 dorice
1042 827 1130 906 (apud
1155 825 1300 887 Servium·

150 924 186 985 ad
209 925 282 1010 Aen.
300 925 362 985 Vlll
377 925 439 986 699
463 943 567 1006 parum
590 934 725 986 accurate
748 933 778 987 et
810 926 938 988 echeneis
959 943 1014 1006 pro
1036 925 1164 988 echeneis
1185 931 1216 985 et
1235 939 1301 1003 pro

150 1041 232 1083 mero
254 1023 381 1084 traditur
402 1009 555 1100 remornip
579 1024 702 1086 eandem
735 1025 861 1085 formam
896 1023 1032 1086 obtinere
1055 1023 1187 1086 videmus
1210 1030 1239 1083 et
1259 1021 1292 1082 in

151 1121 320 1184 Halieuticis
337 1123 445 1184 nostris
469 1132 498 1184 et
520 1122 551 1184 in
568 1123 698 1202 catalogo
721 1123 799 1203 apud
815 1121 941 1184 Plinium
957 1120 1073 1194 XXXII,
1091 1120 1165 1198 1483
1189 1130 1293 1183 contra

151 1220 353 1297 ibidemalae
361 1223 485 1285 echeneis
496 1223 584 1285 alium
601 1232 753 1284 auctorem
766 1222 869 1284 reterri
884 1222 1005 1284 indicat.
1032 1221 1181 1284 Orationis
1193 1223 1292 1284 a'utem

151 1328 299 1381 tumorem
324 1321 475 1384 Plinianae
498 1322 612 1384 facilius
635 1321 828 1383 admiraberis
851 1339 939 1401 quam
962 1319 1137 1402 explicabis}
1159 1321 1291 1384 tumidus

151 1419 187 1480 de
210 1437 242 1481 ea
266 1420 408 1482 raetiam
432 1420 585 1500 Oppianus
606 1427 660 1494 est,
695 1427 795 1480 tamen
822 1417 945 1498 singulis
967 1437 1071 1500 parum
1094 1419 1292 1481 consentiunt

152 1517 224 1578 Nam
258 1519 326 1580 licet
346 1520 468 1581 'mirum
502 1520 542 1581 sit
575 1519 653 1599 quod
696 1510 768 1580 'curn
794 1519 924 1581 lsidorus
958 1513 1009 1581 uhi
1026 1517 1173 1580 'Pliniana
1206 1518 1294 1580 iterat

152 1616 227 1679 hanc
250 1637 370 1698 quoque
393 1619 572 1681 sententiam
594 1617 727 1680 exhibet:
762 1621 844 1678 noeis
876 1621 959 1698 quest
989 1617 1120 1679 radicato
1149 1620 1183 1677 tn
1205 1620 1296 1678 mori

150 1725 227 1778 sture
247 1717 360 1779 videtur
373 1737 433 1780 nou
446 1719 594 1780 retinendo
609 1734 683 1797 eqs.,
705 1716 786 1778 color
801 1717 880 1778 idem
896 1717 974 1796 apud
989 1717 1157 1796 Oppianum
1174 1733 1292 1797 qnoque

152 1822 196 1876 est
219 1835 246 1875 r.
271 1813 333 1876 234
357 1811 577 1898 (ῥιζωθετσα),
599 1823 700 1876 tamen
716 1815 784 1874 dare
808 1813 903 1875 Plinio
928 1832 988 1876 non
1012 1813 1150 1875 audebis:
1174 1825 1200 1876 et
1223 1818 1295 1894 cepit

152 1917 236 1994 quusi
253 1913 387 1976 radicato
408 1919 484 1977 sture
516 1916 639 1994 accipie.
685 1912 818 1992 lienique
840 1923 908 1974 cum
933 1912 1045 1978 Plinius
1066 1913 1107 1974 lX
1122 1911 1163 1973 79
1172 1930 1216 1991 sq.
1239 1899 1295 1992 pe·¹

152 2012 248 2073 dalem
270 2014 381 2092 piscem
406 2014 549 2076 scriberet
570 2015 594 2074 si
617 2012 827 2092 semipedalem
862 2011 920 2073 iam
942 2021 1007 2074 tum
1030 2018 1217 2091 compertum
1240 2011 1298 2073 hab:

153 2112 265 2172 buisset
287 2129 353 2173 cum
379 2112 464 2173 docta
487 2110 684 2172 ostentatione
706 2100 899 2188 significasset
921 2109 962 2173 ihi
984 2109 1221 2190 discrepantiam.
1276 2123 1301 2153 ,-

238 2207 380 2270 Similiter
413 2210 491 2290 qnod
516 2210 659 2290 llpionem
676 2209 787 2272 Plinius
808 2210 930 2271 advocat
945 2208 1049 2270 XXXll
1067 2209 1105 2269 19
1128 2209 1301 2288 inspexisse?

93 2382 95 2386 Ι
152 2308 233 2370 hunc
253 2325 314 2369 non
337 2317 406 2370 ante
427 2308 537 2371 librum
559 2308 750 2372 scribendum
766 2300 850 2370 XXX
869 2309 992 2371 videtur.
1038 2309 1111 2372 llam
1128 2308 1217 2371 XXlV
1233 2308 1294 2369 rot

153 2407 226 2488 Apio
256 2407 466 2488 perstringitur
497 2416 614 2470 tantam
648 2427 685 2472 ne
722 2408 845 2470 nomine
882 2409 1002 2489 quidem
1039 2408 1174 2488 adposito
1210 2405 1296 2486 quasi

153 2507 260 2568 celeber
275 2499 281 2540 9
294 2519 354 2569 orte
375 2512 565 2588 promovente
590 2509 681 2589 poulo
703 2519 769 2571 uate
796 2496 891 2585 (sicut
905 2507 1035 2572 XXXPll
1052 2507 1100 2569 75·
1112 2507 1152 2568 de
1173 2507 1303 2568 eudemo

149 2606 238 2684 poulo
262 2617 327 2668 onte
348 2610 486 2686 scriptum
506 2606 647 2688 reliquii.
680 2603 782 2687 Neque
799 2596 894 2669 Macer
909 2609 939 2681 (ᾖ
954 2607 987 2686 9)
1002 2606 1038 2667 ad
1055 2598 1169 2667 nonum
1185 2604 1295 2666 librum

153 2703 346 2767 adhibebatur
369 2704 500 2766 Licinius
534 2705 591 2767 nisi
624 2707 705 2766 hunc
738 2716 837 2768 revera
866 2724 935 2768 cum
958 2704 1082 2767 Aemilio
1109 2704 1297 2766 commiscuit

155 2789 266 2864 Plinius
290 2804 338 2877 [ci.
362 2803 512 2884 Montigny
534 2824 563 2884 p.
580 2805 643 2880 41).
676 2805 818 2866 Ceterum
841 2796 874 2864 in
896 2803 1111 2883 hoc'delapsus
1134 2798 1298 2880 ar'qumem·⁴

155 2911 217 2963 tum
241 2902 380 2963 Trebium
404 2901 527 2981 Nigrum
549 2921 654 2964 rursus
677 2901 786 2963 evolvit
808 2901 840 2981 (ξ
860 2901 911 2980 15)
933 2908 963 2963 et
984 2901 1089 2963 labam
1103 2903 1138 2975 [ξ
1156 2902 1217 2979 111).
1255 2900 1300 2967 tte

154 3001 262 3064 curalio
285 3000 397 3062 Plinius
414 3004 431 3076 ξ
449 3001 486 3061 21
505 3021 547 3082 sq.
572 3001 608 3062 ad
631 3010 718 3082 caput
734 3001 805 3062 noni
827 3000 894 3062 libri
910 3004 928 3074 ᾗ
946 3000 1007 3060 104
1022 3016 1087 3080 sqq.
1104 2998 1183 3079 quod
1201 2999 1297 3060 iuerat

155 3100 192 3162 dc
204 3099 367 3177 margaritis
382 3083 622 3180 supplementum
638 3119 672 3161 se
686 3100 756 3161 dare
772 3099 835 3179 ipse
847 3100 965 3159 latetur.
988 3097 1100 3159 Deinde
1112 3115 1181 3158 vero
1197 3116 1296 3158 sermo

139 3199 225 3280 ipsis
258 3196 408 3259 dotibus
441 3198 614 3279 aquatilium
647 3198 779 3261 tractatis
813 3197 997 3279 peractisque
1020 3196 1052 3259 in
1075 3196 1237 3276 appendice
1260 3194 1301 3257 ad:

156 3297 309 3360 historiam
332 3297 457 3376 piscium
480 3317 496 3358 a
519 3297 662 3359 medicina
691 3297 800 3359 mirum
819 3297 855 3357 ‘in
887 3291 1009 3360 modum
1044 3293 1083 3356 et'
1098 3311 1205 3374 magna
1228 3313 1297 3357 cum

155 3397 293 3459 violentia
316 3392 468 3458 reducitur
489 3401 507 3472 ᾖ
528 3397 603 3472 142;
638 3396 688 3459 obi
712 3397 834 3459 nomina
856 3387 1135 3477 pisciumscriptor
1160 3389 1303 3457 universa

155 3514 349 3578 quaecunque
379 3480 526 3557 invenerit
548 3496 803 3558 accumulaturum
826 3514 859 3556 se
881 3494 1031 3576 praedicat
1056 3492 1299 3574 complexantem-

155 3615 228 3676 que;
263 3591 442 3674 generum
475 3595 692 3658 ista'anima'lia
715 3612 779 3656 esse
808 3595 897 3656 simul
917 3594 1174 3655 dicit'centum
1207 3598 1298 3672 qu'ac

156 3696 326 3773 draginta
370 3704 565 3775 quattuor:
610 3704 640 3757 et
683 3695 804 3776 quidem
841 3694 975 3775 partibus
1012 3702 1155 3775 quattuor
1190 3693 1307 3768 utitura.

156 3812 256 3857 earum
289 3793 385 3873 prima
419 3794 495 3856 varia
528 3793 593 3856 sine
621 3793 726 3855 ordine
749 3793 872 3855 nomina
894 3792 1103 3872 complectitur
1125 3790 1221 3868 §144
1237 3803 1304 3870 sqq

114 3924 117 3929 ·
157 3893 245 3954 altera
282 3891 409 3953 indicem
442 3891 652 3973 spatiosiorem
691 3891 908 3972 alphabeticum
945 3894 962 3966 ξ
992 3890 1173 3962 tta-1513
1195 3891 1297 3950 tertia

158 3989 297 4054 Ovidiana
327 4001 463 4072 excerpta
491 3990 704 4066 breviuscula3‘
724 3984 866 4073 quarta'§
882 3991 954 4051 154·
971 3989 1092 4051 notitias
1115 3989 1207 4050 vanas
1230 3981 1299 4050 hinc

157 4089 238 4153 illinc
271 4091 370 4153 nescio
404 4091 670 4172 undeqadspersas.
714 4091 811 4170 Atque
834 4089 956 4171 reliquis
979 4089 1098 4170 quidem
1122 4089 1303 4168 ipsamanu·

158 4189 233 4250 Plini
264 4189 405 4251 coniectis
438 4188 512 4250 nihil
546 4189 687 4263 elficitur3
723 4197 753 4251 at
785 4189 914 4251 indicem
948 4189 998 4270 qui
1027 4188 1119 4250 altero
1152 4188 1215 4248 loco
1252 4194 1299 4249 est

158 4286 374 4368 alphabeticum
397 4288 566 4368 quicunque
590 4287 747 4367 inspexerit
769 4288 849 4349 hunc
870 4288 947 4349 Plini
971 4291 1042 4348 cura
1064 4285 1164 4347 minus
1188 4294 1296 4357 ortum,

158 4405 247 4467 quam
260 4386 533 4468 integrumaliunde
542 4388 699 4467 etquidem
712 4407 727 4448 e
740 4386 1175 4465 schedisgrammaticialicoius
1185 4385 1303 4446 noetio:

158 4486 199 4546 ris
212 4485 424 4564 transcriptum
436 4505 499 4547 esse
511 4503 571 4548 non
585 4487 662 4548 dicet
671 4487 727 4548 aed
737 4485 944 4565 suspicabitur.
953 4486 1074 4546 ltavero
1083 4484 1304 4564 transcriptum

212 4585 303 4636 Birt,
324 4582 353 4627 de
368 4581 509 4630 halieutlcis.
1107 4588 1138 4639 ll
