2902 5040
570 295 813 359 -157-

122 469 224 548 itaque
258 469 388 550 primum
421 469 607 533 adscribatur
639 478 669 532 et
702 468 823 551 ipse'et
844 471 927 533 locus
949 488 1071 548 graccus
1099 491 1189 553 quem
1212 493 1263 536 ex·

121 567 239 648 prinnt:

120 695 362 777 Tergeminos
422 699 501 760 nasci
565 707 680 760 certum
708 718 736 780 p.
753 695 845 760 584n
861 696 919 759 30:
944 695 980 760 τὸ
1007 697 1067 779 μὲν
1092 699 1152 782 γὰρ
1167 699 1264 764 πλεῖ-

121 804 166 857 est
199 796 388 859 Horatiorum
422 797 680 878 Curiatiorumque
708 812 786 859 στον
812 797 867 857 καὶ
895 793 988 879 παρὰ
1009 806 1079 870 τοῖς
1095 796 1266 873 πλείστοις

122 896 266 975 exemplo.
354 895 495 976 Super
542 897 681 967 vinter
708 899 743 958 ἓν
758 897 923 957 τίκτουσιν
943 890 979 956 αἱ
994 904 1154 972 γυναῖκες,
1181 896 1265 960 πολ-

122 1000 273 1055 ostenta
318 993 463 1055 dicitur
511 1003 679 1075 praeter·
707 992 802 1066 λακις
818 990 855 1055 δὲ
871 991 926 1054 καὶ
943 992 1112 1072 πολλαχοῦ
1128 991 1264 1078 δίδυμοι,

122 1109 227 1171 quam
255 1092 292 1152 in
314 1092 482 1172 Aegypto
509 1092 559 1153 ubi
581 1093 680 1154 ietiler
709 1087 795 1154 οίον
824 1095 891 1153 καὶ
922 1091 1013 1175 περὶ
1043 1095 1264 1172 Αἴγυπτον·

124 1197 196 1269 potu
240 1182 323 1251 Nilus
373 1191 478 1252 amnis.
544 1191 681 1266 (inicitur
708 1191 887 1254 τίκτουσι
918 1188 955 1252 δὲ
984 1189 1052 1253 καὶ
1081 1195 1172 1274 τρία
1201 1194 1266 1255 καὶ

123 1287 230 1349 deinde
249 1287 345 1350 fabula
368 1290 404 1351 de
427 1291 538 1351 lomina
554 1289 681 1370 quadam
708 1289 891 1371 τέτταρα,
919 1288 996 1371 περὶ
1012 1288 1120 1364 ἐνίους
1134 1289 1195 1372 μὲν
1211 1290 1266 1354 καὶ

122 1387 246 1467 Augusti
278 1396 413 1468 tempore
442 1389 533 1450 semel
560 1395 682 1467 quater·
710 1376 845 1469 σφόδρα
865 1384 989 1460 τόπους
1011 1381 1118 1472 ὥςπερ
1140 1391 1266 1473 εἴρηται

122 1504 182 1547 uos·
201 1485 308 1560 enixa).
711 1480 921 1568 πρότερονίί).

123 1611 326 1692 Reperitur
359 1620 389 1674 et
416 1612 446 1673 in
475 1613 681 1692 Peloponneso
710 1608 905 1672 mistuwoi
926 1614 1071 1673 τίκτεται
1087 1613 1184 1674 πέντε
1210 1608 1269 1676 τὸν

124 1712 256 1791 quinos
295 1711 393 1787 (codd.
427 1712 517 1786 teleos)
551 1718 683 1791 quater
710 1703 871 1790 ἀριθμόν·
915 1706 985 1791 ἤδη
1029 1707 1100 1792 γὰρ
1138 1704 1267 1774 ὦπται

123 1809 230 1871 enixa
264 1810 514 1890 maioremque
542 1818 682 1890 partem
709 1808 824 1869 τοῦτο
843 1805 899 1868 καὶ
915 1804 973 1869 ἐπὶ
990 1802 1155 1870 πλειόνων
1170 1824 1268 1893 σομ-

124 1909 283 1970 exomni
306 1908 542 1970 eiusvixisse
565 1915 683 1987 partu,
710 1901 893 1987 βεβηκός·
932 1906 1003 1986 μία
1039 1903 1082 1967 δέ
1121 1929 1181 1979 τις
1228 1905 1269 1969 ἐν

124 2013 153 2067 et
196 2007 226 2067 in
265 2008 395 2086 Aegypto
438 2015 578 2085 septenos
623 2023 683 2065 uno
710 1997 1038 2084 τέτταρσιτόκοις
1061 2001 1190 2067 ἔτεκεν
1210 2008 1268 2068 εἴ-

125 2114 210 2167 utero
253 2104 341 2165 simul
386 2104 465 2182 gigni
500 2112 603 2166 auctor
639 2113 684 2164 est
710 2117 840 2164 κοσιν·
877 2096 951 2164 ἀνὰ
980 2099 1023 2163 δὲ
1053 2103 1169 2164 πέντε
1197 2103 1268 2186 γὰρ

124 2204 248 2281 Trogus
710 2198 828 2272 ἔτεκε,
855 2198 920 2261 καὶ
942 2199 989 2260 τὰ
1005 2197 1129 2263 πολλοὶ
1144 2197 1269 2264 αὐτῶν

710 2291 914 2382 ἔξετροίφη.

130 2438 259 2519 Apparet
292 2445 373 2500 certe
406 2438 566 2500 clausulam
592 2436 767 2499 Aristotelici
795 2437 851 2499 ioci
876 2436 953 2517 apud
977 2436 1106 2500 Plinium
1129 2437 1268 2518 exprimit

127 2546 157 2599 et
181 2536 300 2619 quidem
328 2535 481 2615 legebatur
501 2544 566 2599 tum
589 2539 714 2600 sortasse
736 2554 797 2605 non
826 2533 884 2598 ἐπὶ
912 2530 1102 2611 πλειόνων,’
1116 2537 1168 2598 sed
1191 2535 1269 2618 περὶ

127 2632 393 2717 πελοπόννησον;
437 2635 522 2697 aliter
546 2637 645 2715 ipsum
678 2636 736 2697 hoc
767 2635 893 2697 alterum
924 2641 1105 2714 expunctum
1145 2635 1269 2697 (licetur.

127 2733 184 2796 Sed
207 2735 296 2797 etiam
312 2733 513 2796 antecedentia
530 2734 670 2796 extabant
692 2735 770 2813 apud
786 2732 973 2795 Aristotelem
995 2731 1107 2794 arbitro
1123 2734 1268 2795 Strabone

32 2874 36 2880 ·
126 2852 155 2914 p.
176 2833 259 2895 695:
301 2831 360 2905 τὰς
394 2829 432 2894 δὲ
466 2841 624 2909 γοναίκας
663 2827 742 2894 ἔσθ’
772 2826 827 2893 ὅτε
852 2829 908 2891 καὶ
932 2827 1120 2913 τετράδομα
1148 2833 1271 2892 τίκτειν

125 2928 185 3004 τὰς
210 2930 416 3009 Αἰγυπτίας·
447 2925 673 3015 Ἀριστοτέλης
699 2925 737 2992 δέ
760 2948 833 2991 τινα
860 2926 915 2989 καλ
942 2924 1118 3010 ἐπτοίδομα
1145 2926 1270 3010 λοτορεί

126 3031 306 3104 τετοκέναι,
333 3027 389 3090 καὶ
416 3023 514 3103 οὗτὸς
540 3025 728 3107 πολύγονον
755 3026 862 3090 καλῶν
886 3022 945 3089 τὸν
967 3025 1088 3091 Νεῖλον
1114 3025 1170 3088 καλ
1193 3024 1271 3109 τρό-

125 3148 242 3211 φιμον.
280 3128 420 3208 Sequitur
440 3129 571 3208 primum
591 3128 620 3189 iu
644 3127 725 3210 quod
747 3127 819 3189 vidit
841 3124 1064 3188 Gutschmidius
1087 3133 1120 3187 ut
1141 3125 1270 3187 eundem

126 3227 289 3289 Aristotelis
321 3228 419 3289 locu'm
453 3234 482 3288 ct
504 3225 619 3307 Trogus
652 3236 681 3290 et
704 3225 810 3289 Strabo
840 3224 973 3287 adierint.
1018 3223 1159 3304 Sequitur
1180 3240 1270 3304 porro

127 3329 166 3386 ex*
194 3325 251 3386 iilis
284 3322 472 3403 πολύγονον
505 3323 613 3390 καλῶν
642 3324 702 3389 ’τόν
727 3322 858 3388 ’Νεῖλον
891 3316 946 3386 καὶ
979 3314 1145 3404 τρόφιμον
1181 3323 1271 3384 etiam

127 3424 214 3484 verita
237 3423 284 3485 ilia
307 3423 383 3485 Plini
404 3425 457 3486 oli
475 3424 577 3504 solarer
594 3433 665 3506 potu
686 3425 769 3487 Nilus
790 3421 883 3485 omnis
916 3441 951 3484 ex
973 3421 1130 3483 Aristotele
1152 3420 1271 3481 fluxisse

128 3522 293 3601 etquidem
309 3523 423 3584 cnloco
439 3530 490 3585 aut
506 3523 611 3585 eodem
631 3531 682 3586 aut
697 3523 804 3585 vicino.
842 3521 908 3584 Veri
930 3539 1019 3602 porro
1041 3520 1224 3582 simillimum
1240 3520 1273 3580 fit

129 3619 209 3699 qnod
224 3619 337 3681 Plinius
353 3619 423 3681 dicit
438 3625 664 3702 quatergemiooa
676 3625 751 3684 inter
766 3631 874 3684 ostentu
885 3629 1089 3702 praecoquum
1102 3623 1134 3681 ιἰι
1149 3620 1270 3707 Aegypto

129 3719 316 3780 concinentia
331 3717 402 3779 haec
416 3738 484 3781 oum
497 3720 654 3782 Strabonis
675 3719 730 3782 καλ
746 3715 934 3801 τετραδυμα
952 3721 1074 3782 τίκτειν
1088 3718 1146 3792 τὰς
1164 3718 1273 3795 Λίνο-

131 3818 213 3891 πίας
224 3817 290 3896 ipsa
306 3835 424 3898 quoque
439 3818 544 3880 eodem
559 3819 629 3881 olim
643 3819 711 3881 looo
726 3817 880 3880 exstitisse.
906 3817 966 3879 lam
983 3836 1052 3879 vero
1066 3817 1098 3879 in
1108 3816 1273 3878 Aristotelis

129 3932 268 3978 sermone
289 3915 436 3995 exscripto
451 3935 643 3997 summopere
664 3917 845 3997 languidum,
868 3915 938 3996 quid
960 3912 1048 3977 dico?
1075 3917 1221 3978 absonum
1243 3927 1273 3976 et

129 4013 321 4076 ridiculosum
344 4032 411 4076 esse
433 4014 527 4077 lector
548 4016 682 4078 curiosus
697 4015 869 4095 persentiat
890 4031 1013 4076 necesse
1033 4014 1174 4077 estiiluci
1201 4010 1274 4076 οἷον

129 4109 187 4173 κοιλ
214 4110 290 4195 περὶ
316 4113 502 4193 Αἴγυπτον,
529 4113 639 4195 quippe
664 4114 814 4176 illustrans
842 4131 923 4174 nunc
944 4129 1007 4174 rem
1031 4110 1273 4190 vulgatissimam:

129 4219 246 4290 partum
261 4211 413 4289 geminum
428 4212 491 4274 fero
507 4213 615 4292 ubique
631 4210 802 4274 occurrerei
833 4210 914 4273 Ordo
929 4209 1076 4272 sermonis
1093 4218 1193 4290 aperte
1208 4219 1274 4271 tur·

131 4310 216 4372 baius
228 4319 273 4370 est
295 4330 354 4392 quo
370 4312 528 4391 scripserat
542 4311 617 4372 olim·
625 4307 832 4391 philosophiis:
849 4304 1010 4380 πολλάκις
1025 4304 1062 4369 δὲ·
1076 4306 1132 4367 καλ
1147 4304 1274 4369 πολλα-

130 4408 190 4486 χοῦ
219 4405 357 4490 δίδυμα·
394 4412 541 4473 τίκτουσι
572 4407 608 4470 δὲ
633 4407 689 4470 καὶ
716 4409 792 4490 τρία
818 4405 873 4468 καλ
900 4408 1039 4488 τέτταρα
1063 4403 1141 4487 περὶ
1167 4402 1275 4477 ἐνίους

131 4504 192 4588 μὲν
206 4508 261 4566 καί
286 4482 419 4588 σφόδρα
440 4504 564 4580 τόποις
578 4503 650 4570 οίον
660 4504 719 4568 καλ
729 4504 823 4586 περὶ·
833 4506 1010 4582 Αἴγυπτον
1025 4498 1132 4586 ὥςπερ
1146 4505 1274 4586 εἴρηται
