2902 5040
602 270 843 336 -171-

149 453 272 515 modom
293 455 454 532 σγαιίοιιίίος
486 455 526 513 sie
558 461 586 514 ct
610 453 719 531 scorpio
750 449 835 512 laedit
857 448 925 509 dnm
946 464 1035 508 οισιιιι
1058 445 1180 525 tollitur)
1204 455 1233 508 et
1255 446 1291 507 ad

149 551 250 612 leones
273 551 337 627 (uhi
360 550 548 612 scribendum
573 558 632 612 ast:
666 566 790 630 prorum
812 546 945 610 moechia
968 550 1068 608 cancri
1087 548 1195 609 cimilia
1215 556 1290 614 neat,

148 649 260 732 reliquo
278 667 349 730 pore
371 648 516 722 boustoci.
563 649 693 711 Possunt
714 656 815 710 tamen
844 645 969 708 ethaeo
992 645 1166 708 Xenocratis
1188 646 1292 707 luisse.

234 747 294 810 lam
319 746 421 820 λέξεις
437 749 474 810 de
489 744 665 828 aquatilibus
680 747 787 809 latinas
803 761 960 807 occurrere
982 759 1089 824 easque
1104 744 1188 806 ιιαιόι
1202 760 1292 806 στοι-

149 856 241 926 χεῖον
255 848 410 910 collocatas
425 865 472 908 res
487 855 548 909 tam
564 844 719 926 singularis
735 854 765 908 et
778 854 839 907 tam
854 843 1091 924 incomparabilis
1107 852 1161 917 est,
1181 853 1216 906 ut
1240 860 1293 904 ex-

151 947 290 1027 phcatum
324 963 466 1026 quaerere
495 946 621 1026 aliquem
649 944 808 1007 invitemur
830 963 864 1006 ac
896 940 1040 1007 similibus
1063 943 1139 1024 apud
1165 944 1293 1005 medicos

150 1062 270 1124 graecos
308 1041 436 1116 λέξεσιν
473 1043 685 1124 praeformatas
723 1062 772 1104 eas
806 1038 897 1106 luisse
929 1041 1064 1122 proclivis
1097 1041 1294 1106 subnascun-

151 1144 328 1209 coniectura.
373 1143 467 1216 Quam
501 1143 607 1209 fecisse
639 1141 840 1204 coniecturam
873 1141 944 1203 satis
976 1140 1022 1202 sit.
1068 1142 1207 1203 Attamen
1230 1156 1294 1202 ant·

151 1243 274 1324 pliorem
291 1242 410 1322 quidem
432 1243 484 1305 sed
506 1259 568 1309 uon
590 1242 732 1321 imparem
749 1241 881 1321 Hesychi-
895 1238 1067 1320 aquatilium
1090 1239 1294 1302 collectionem

151 1361 239 1423 quam
273 1341 460 1422 praestiterat
482 1340 679 1421 Diogenianus
713 1339 853 1402 similium
888 1357 978 1402 uuam
1011 1340 1073 1400 lere
1103 1339 1293 1420 superstitem

152 1441 306 1505 consulere
329 1448 359 1501 et
380 1440 515 1506 conferre
549 1456 603 1519 par
636 1439 700 1509 erit,
733 1447 824 1518 atque
848 1438 935 1501 etiam
960 1438 1082 1500 notitiae
1104 1456 1164 1500 non
1186 1455 1295 1520 paucae

152 1540 270 1605 niuude
291 1557 354 1601 non
387 1549 473 1605 notae
501 1555 675 1600 communes
697 1538 742 1599 his
765 1534 879 1599 duabus
900 1536 1122 1599 collectlonihus
1145 1550 1207 1598 non
1228 1537 1296 1598 siue

152 1639 346 1702 admiratione
370 1637 624 1712 observabuntur;
656 1637 725 1701 inde
755 1646 854 1700 cutem
877 1637 902 1698 sl
925 1637 1013 1699 etiarn
1035 1652 1145 1699 nexum
1168 1636 1295 1716 aliquem

153 1737 319 1809 studiorum
335 1737 441 1798 horum
465 1737 724 1817 grammaticorum
750 1737 837 1798 luisse
859 1735 1094 1816 qualemcunque
1116 1735 1296 1798 intellexeris

152 1837 233 1898 huuc
254 1836 327 1898 mihi
347 1837 478 1899 laborem
502 1852 602 1899 meum
625 1852 687 1899 non
709 1835 818 1898 lrustra
839 1830 1022 1914 impendisse
1045 1833 1172 1897 videbor.

237 1936 298 1997 lam
314 1935 478 2016 Hesychius
500 1936 576 1997 sicut
590 1935 736 2016 permulta
759 1933 848 1997 habet
869 1952 885 1995 a
908 1933 1038 2011 catalogo
1061 1933 1183 2013 parvulo
1201 1932 1296 1995 'latino

154 2034 259 2106 aliena,
292 2043 391 2103 mmeu
425 2036 513 2099 etiam
536 2035 568 2096 in
590 2035 648 2096 hoe
670 2030 811 2096 nonnulla
834 2033 975 2112 leguntur
996 2032 1054 2094 illie
1078 2046 1155 2112 quae
1178 2031 1297 2093 deside-

153 2142 269 2196 rentur.
314 2134 523 2196 Communium
559 2143 658 2195 autem
685 2133 812 2214 utrique
843 2132 1000 2195 nominum
1034 2150 1068 2193 ea
1100 2131 1197 2212 primo
1231 2133 1296 2192 loco

155 2251 267 2313 ponam
288 2250 364 2312 quae
386 2233 485 2304 minus
508 2232 627 2300 raritate
650 2250 708 2312 qua
736 2233 768 2293 in
790 2232 896 2295 litteris
930 2240 1090 2293 occurrunt
1122 2246 1211 2310 quam
1245 2248 1297 2292 sna
1415 2262 1419 2269 ·

156 2331 346 2399 multitudine
372 2331 481 2412 aliquid
504 2332 630 2396 valeant.
674 2331 792 2397 Eorum.
816 2340 915 2394 autem
938 2331 1034 2411 prima
1056 2331 1128 2393 baec
1149 2330 1206 2392 iam
1230 2344 1297 2392 num

156 2431 193 2492 de
215 2430 382 2493 Xenocrate
404 2451 451 2493 res
475 2441 555 2493 esset
577 2431 743 2511 attigimus:
1235 2484 1238 2490 .
1295 2418 1298 2422 ’

240 2531 395 2610 cordyla.
440 2525 617 2612 σιιοοόόλη·
655 2524 845 2602 θαλάσσιος
876 2524 992 2607 λχθός·
1029 2525 1113 2592 ἔνιοι
1143 2523 1300 2610 ιιορόόλης

158 2628 317 2690 etiterum
341 2625 514 2710 κορδόλος·
546 2627 643 2706 ἰχθὺς
673 2624 782 2700 ποιός.

197 2766 198 2771 κ
243 2745 414 2807 orcynus.
458 2723 609 2807 όριαινος·
633 2724 731 2804 lybie
754 2723 870 2800 ποιόςς
900 2729 935 2787 cl.
959 2726 1035 2787 inlra
1059 2725 1116 2787 sub
1137 2725 1298 2805 thynnis.

242 2825 411 2905 pelamys.
456 2822 624 2907 captapanis·
654 2821 727 2904 (διὰ
756 2823 814 2885 τοῦ
843 2823 875 2900 ό)
906 2821 1005 2901 qnos
1034 2821 1071 2886 iv
1101 2817 1229 2906 Πόντῳ.

243 2925 396 2986 chemae
440 2922 576 3002 κόψ’
607 2923 663 2986 ναὶ
692 2916 807 3005 χήμας.

243 3022 400 3084 cochloe.
442 3019 573 3099 κόχλος·
596 3030 666 3095 σοῖς
688 3018 887 3093 θαλασσίοις
909 3017 1049 3103 ἐχρῶντο
1072 3018 1138 3102 πρό
1160 3019 1215 3102 τῆς
1237 3018 1303 3082 τῶν

159 3117 353 3198 σαλπίγγων
376 3115 548 3204 obpansum
571 3121 673 3182 monui
695 3121 753 3180 iam
769 3130 861 3199 supr-a
882 3119 915 3180 in
929 3118 1105 3183 Xenocratis
1127 3119 1194 3180 loco
1212 3137 1300 3198 quem

159 3219 196 3280 ati
219 3236 332 3281 nomen
354 3219 413 3282 hoe
432 3219 614 3300 adscriptum
638 3219 752 3280 hliuma
780 3217 898 3287 exhibet
929 3217 1058 3279 formam
1091 3213 1205 3296 ιιόχλοι
1239 3236 1301 3279 uon

159 3320 274 3392 adessa,
305 3337 406 3400 neque
437 3329 539 3382 tamen
572 3320 684 3382 cochlea
709 3319 774 3381 one
796 3335 901 3398 graeco
924 3319 1060 3397 exemplo
1082 3319 1154 3398 poni
1175 3326 1301 3399 poterat.

160 3421 259 3499 litque
278 3428 416 3494 cantatur·
428 3419 553 3481 cochlis:
578 3419 678 3481 talium
695 3419 783 3485 etiam
798 3417 921 3483 nomina
937 3414 1116 3498 Hesychius:
1138 3414 1301 3502 στρεβλῷ·

159 3514 268 3600 κόγχῳ
296 3509 324 3600 qi
357 3514 547 3589 ίσόλπιζαν.
603 3513 795 3600 σσραβήλῳ·
833 3515 878 3600 aqi
918 3513 1025 3598 κόγχῳ
1057 3507 1084 3601 ᾦ
1111 3509 1301 3588 mosaicos.

160 3618 198 3678 cs.
214 3608 409 3700 σιροίβαλοι·
434 3615 566 3695 κοχλίαι
587 3617 638 3692 (ila
660 3617 740 3679 enim
756 3614 976 3692 scmbendum)3
997 3612 1087 3680 iidem
1102 3616 1178 3696 apud
1195 3616 1302 3678 Athen.

160 3734 188 3795 p.
207 3714 278 3777 861)
301 3735 339 3776 ex
359 3717 525 3796 Speusippo
546 3734 580 3778 ac
602 3714 763 3795 Sophocle3
785 3715 948 3777 eorundem
972 3714 1083 3776 mentio
1104 3715 1202 3777 fuerat
1225 3716 1302 3794 apud

160 3813 282 3894 llagiana
310 3823 340 3876 et
359 3815 512 3894 liercylum
549 3811 594 3887 oie
624 3811 824 3896 ἐπιτηδείαν
853 3809 956 3877 ὅνιοον
984 3812 1032 3886 είς
1060 3811 1098 3876 σὺ
1128 3810 1305 3884 σαλπίζειν

161 3911 278 3991 (Athen.
296 3931 326 3992 p.
342 3912 439 3989 8on
471 3932 526 3993 pro
559 3913 630 3975 tibia
654 3913 742 3974 etiam
774 3914 853 3994 lepas
883 3920 971 3993 atque
995 3912 1094 3974 tellina
1116 3912 1304 3975 habebantur

162 4009 323 4091 (Aristoph.
339 4012 417 4091 apud
433 4011 540 4072 Athen.
556 4032 585 4092 p.
602 4009 695 4091 851³).

246 4118 379 4171 ostrea.
425 4105 559 4192 ὄστρεα
589 4108 630 4170 τοὶ
652 4104 808 4190 ιιογχόλια
837 4120 866 4170 et
902 4106 1071 4187 ιισγχόλια·
1109 4107 1152 4170 τὰ
1173 4105 1305 4192 ὄστρεα.-

163 4207 260 4271 Simub
277 4208 360 4271 locus
382 4208 599 4289 adteratur-qai
614 4208 751 4288 qualibus
766 4208 914 4271 erroribus
937 4208 1053 4270 lexicon
1074 4224 1213 4287 graecum
1229 4227 1302 4270 con-

161 4306 274 4372 lacum
288 4307 326 4371 sit
340 4308 486 4387 praeclare
502 4307 645 4376 illinunt:
656 4306 742 4370 lectio
758 4315 803 4371 est
816 4307 871 4370 suh
887 4327 906 4370 o
920 4306 1030 4373 littera:
1053 4297 1202 4388 torpor
1219 4301 1310 4388 μυσί

163 4426 235 4469 κιον
250 4401 439 4470 θαλάσσιον
454 4406 575 4470 ridicule
591 4406 700 4488 inepta,
723 4426 791 4469 oum
807 4407 876 4469 olim
893 4407 1031 4488 scriptam
1046 4405 1138 4468 fuisse
1154 4415 1300 4494 oporteat:
