2902 5040
617 267 836 330 ..10-

159 445 309 505 Maecenas
325 450 412 504 nocte
427 443 523 522 Stygia
540 460 660 523 pressus
683 442 799 504 iuvenis
821 443 916 522 specie
930 444 970 504 ita
985 461 1160 505 reversurus
1175 444 1301 519 videtur,

158 542 239 602 velut
260 542 356 603 media
380 550 467 602 noete
489 543 576 621 pueri
599 541 624 602 si
646 542 722 603 forte
738 561 772 603 ex
788 559 913 604 venereo
936 542 1099 622 puellarum
1122 561 1198 605 nexu
1222 544 1302 605 exci-

159 646 261 699 tantur
283 640 449 701 desiderant
464 639 521 700 iam
539 639 702 719 Hesperum
718 640 799 701 illum
816 641 865 720 qui
879 648 980 701 tamen
998 659 1082 702 mane
1104 642 1181 702 idem
1197 641 1304 702 lucifer

157 738 325 799 revertitur.
392 738 478 811 Quod
517 755 588 798 sane
625 738 747 817 pulchre
783 738 958 817 excogitavit
994 747 1088 818 poeta.
1162 739 1301 800 Ceterum

157 837 312 897 statuenda
340 836 371 896 in
399 835 615 897 hoccarmine
644 837 746 897 lacuna
775 836 855 896 nulla
883 844 929 897 est
961 843 990 896 et
1017 837 1059 897 sic
1085 836 1301 898 sententiarum

158 934 230 994 ordo
265 934 481 995 restituendus:
520 933 670 995 Laudatur
702 933 852 994 Maecenas
886 952 911 993 v.
939 934 1071 994 1-20.
1127 933 1303 996 Delenditur

158 1041 261 1093 contra
284 1032 404 1093 lividum
420 1031 521 1092 indea
543 1050 569 1092 v.
593 1030 632 1092 21
651 1051 744 1112 usque
760 1033 794 1093 ad
809 1052 837 1092 v.
864 1032 923 1093 106
952 1051 1011 1111 quo
1035 1034 1098 1093 loco
1123 1033 1301 1095 Ribbeckius

157 1131 306 1209 perspexit
345 1130 381 1190 do
420 1137 588 1191 accusatore
626 1130 683 1190 isto
726 1131 894 1192 exclamari:
950 1130 1016 1192 Non
1054 1144 1095 1194 est
1129 1139 1303 1196 temerarius

156 1226 227 1289 illc?
253 1228 446 1307 additurque:
474 1229 596 1290 Vicimus
617 1229 741 1308 Augusto
764 1230 788 1290 si
811 1231 885 1292 duce
908 1230 1007 1308 deputes
1028 1243 1092 1294 erut
1114 1233 1162 1308 (cf.
1186 1253 1213 1293 v.
1236 1233 1300 1311 46).

158 1326 323 1387 Cohaerent
356 1335 455 1386 autem
484 1344 590 1388 sensus
624 1325 676 1388 ita:
711 1347 737 1387 v.
767 1327 918 1402 21—30‚
946 1328 1108 1400 39-48,
1143 1330 1324 1405 31-38,-

158 1427 197 1487 53
224 1445 268 1505 sq.
296 1428 336 1487 55
365 1444 407 1504 sq.
439 1424 480 1485 49
507 1443 567 1503 sq:
595 1425 701 1486 deinde
729 1426 869 1505 exemplis
900 1427 1043 1508 Apollinis
1069 1448 1095 1488 v.
1122 1430 1160 1489 51.
1192 1447 1236 1514 sq.
1272 1437 1303 1490 et

156 1524 261 1586 Bacchi
289 1545 316 1585 v.
345 1523 481 1584 57-69
510 1534 538 1586 et
566 1525 698 1587 Herculis
722 1524 858 1588 tta-86
883 1534 911 1588 et
937 1526 1013 1587 lovis
1042 1527 1136 1607 ipsius
1165 1526 1301 1588 87-92

158 1623 306 1684 sententia
337 1641 454 1685 summa
478 1629 517 1699 (v.
540 1623 701 1703 93-102)
724 1624 859 1685 firmatur
880 1625 1022 1685 victorem
1047 1625 1149 1687 decere
1172 1618 1300 1700 somnia,

157 1721 204 1783 cui
227 1721 290 1802 ipsa
314 1723 463 1783 conclusio
492 1723 582 1784 totius
606 1723 811 1802 disputationis
840 1724 961 1786 tandem
984 1744 1011 1784 v.
1038 1724 1203 1786 103-106
1226 1723 1300 1785 sub-

156 1838 232 1880 nexa
267 1827 321 1880 est.
386 1820 482 1899 Atque
516 1828 581 1881 tum
616 1823 736 1882 demum
770 1820 806 1881 ad
839 1821 931 1901 ipsam
974 1829 1100 1882 mortem
1139 1821 1302 1885 revolvitur

45 1952 47 1956 ·
156 1937 263 1979 selmo.

706 2090 741 2150 ll.

240 2212 341 2290 ltaque
371 2211 407 2271 de
435 2208 605 2271 llalienticis
639 2219 824 2284 „accuratam
857 2211 1100 2292 inquisitionem“
1123 2213 1238 2292 qualem
1267 2217 1299 2277 in

154 2332 182 2392 p.
210 2312 222 2370 l
257 2309 390 2387 Zingerle
420 2308 528 2388 cogitat
562 2310 708 2387 praestitit
741 2328 840 2370 nemo.
898 2311 993 2373 Nihilo
1021 2313 1122 2375 miuus
1151 2313 1300 2374 sententia

153 2409 261 2487 scripta
286 2407 393 2486 legitur
416 2407 467 2478 „in
490 2424 630 2468 sermone
655 2425 759 2468 eorum
782 2408 905 2469 omnino
928 2409 1000 2470 nihil
1022 2410 1119 2472 inesse
1142 2411 1178 2471 ab
1195 2410 1300 2474 Ovidio

153 2507 281 2569 alienum
310 2504 399 2566 etiam
427 2503 453 2564 si
484 2504 681 2566 minutissima
711 2511 854 2586 quaeras*
885 2507 1006 2586 (ibidem
1033 2526 1063 2587 p.
1088 2506 1150 2588 29).
1203 2509 1299 2571 Cento

153 2604 313 2666 Ovidianus
327 2610 540 2683 componatur:
565 2603 653 2665 etiam
671 2605 707 2666 de
722 2624 756 2665 eo
780 2605 882 2667 eadem
904 2605 1008 2668 valebit
1030 2605 1190 2669 sententia!
1215 2607 1300 2687 Opus

154 2703 277 2765 omnino
311 2708 374 2765 erat
405 2701 658 2781 interpretatione.
700 2702 763 2774 Qua
797 2722 853 2764 nos
887 2702 961 2765 duce
991 2703 1139 2766 invenisse
1162 2704 1300 2767 videmur

152 2810 182 2863 et
209 2820 283 2880 quae
312 2819 374 2862 non
401 2801 532 2881 potuerit
558 2800 687 2862 scrihere
709 2800 787 2862 Naso
816 2810 845 2862 et
867 2821 943 2882 quae
966 2822 1000 2863 eo
1022 2801 1142 2881 indigna
1165 2802 1297 2865 dicamus

152 2907 181 2960 et
215 2918 290 2979 quae
324 2899 452 2978 aliquam
485 2905 565 2959 certe
598 2898 813 2960 dubitationem
847 2899 957 2961 inicere
991 2899 1126 2961 debeant
1183 2898 1297 2963 Tamen

152 2998 225 3058 haec
247 3006 332 3058 antea
354 2998 501 3076 adponere
523 3015 585 3057 non
607 3015 660 3077 par
675 2998 731 3058 erit
753 3016 840 3077 quam
856 2999 944 3059 verba
959 2998 1116 3059 fecerimus
1139 2998 1175 3059 de
1192 3020 1238 3061 vv.
1254 2999 1296 3059 49

57 3138 60 3144 -
153 3093 247 3156 -81.
304 3095 378 3156 Nam
404 3096 482 3156 inter
504 3095 700 3156 sollertiarum
723 3095 849 3175 piscium
882 3095 1138 3158 enumerationem
1167 3105 1197 3158 et
1218 3098 1298 3159 inter

155 3195 415 3256 enumerationem
439 3193 594 3255 nominum
618 3193 790 3272 aquatilium
813 3195 954 3256 inseritur
976 3194 1025 3255 hic
1044 3194 1126 3256 locus
1149 3214 1209 3275 quo
1232 3206 1295 3258 ter-

156 3293 259 3354 restria
295 3292 432 3353 animalia
464 3299 634 3352 tractentur.
665 3291 807 3353 'Placeat
840 3290 903 3354 hoc
929 3292 1036 3353 mirum
1071 3292 1174 3354 dicere.
1220 3293 1295 3356 Nam

157 3391 226 3470 quid
264 3390 414 3452 terrestria
452 3391 483 3451 in
519 3391 635 3451 marino
674 3388 826 3451 carmine?
894 3391 960 3451 Non
1002 3390 1099 3451 omnia
1135 3408 1296 3470 possumus

148 3474 275 3564 omnes:
309 3489 408 3568 itaque
442 3488 546 3549 accidit
580 3496 619 3549 ut
647 3506 747 3549 revera
783 3489 856 3550 istos
895 3506 998 3549 versus
1035 3487 1190 3550 llerhelius
1227 3508 1296 3552 cre-

152 3588 234 3649 deret
267 3586 371 3666 „Plane
401 3585 518 3647 aliunde
552 3587 674 3666 petitos3
707 3587 761 3647 nisi
785 3594 871 3667 poeta
901 3603 1002 3647 revera
1033 3587 1069 3647 de
1099 3585 1229 3665 piscihus
1266 3598 1296 3650 et

152 3685 225 3746 feris
259 3703 334 3764 opus
367 3685 499 3746 condidit
530 3693 563 3745 ut
595 3685 706 3746 librarii
747 3684 993 3764 inscripserunt‘.
1054 3684 1144 3763 Sequi
1178 3685 1296 3748 Merke-

149 3784 221 3844 lium
255 3791 353 3843 tutum
384 3783 546 3845 videbatur.
590 3785 692 3863 ltaque
722 3783 758 3844 ah
793 3782 849 3843 hoc
885 3784 1024 3844 docemur
1051 3801 1122 3843 sane
1155 3784 1293 3863 spurium

148 3881 245 3942 locum
269 3900 342 3953 esse,
366 3882 403 3954 ah
425 3880 484 3955 illo,
508 3889 541 3943 ut
563 3901 600 3943 ne
616 3882 735 3944 aliunde
756 3881 876 3961 quidem
889 3880 980 3959 petita
997 3880 1099 3941 Ovidio
1122 3881 1293 3950 demantur.

149 3988 250 4041 tenere
263 3998 318 4040 nos
330 3981 495 4058 fragmenta
509 3981 572 4042 eius
590 3980 689 4059 potius
701 3981 770 4052 duo,
790 3979 914 4040 alterum
933 3978 1121 4051 halieuticon,
1141 3984 1293 4059 cynegeti-

149 4064 205 4139 con
228 4077 370 4144 alterum,
399 4095 526 4157 quorum
546 4079 732 4139 voluminum
762 4077 968 4138 incohatorum
998 4077 1072 4137 male
1096 4079 1291 4156 compositam

149 4175 236 4236 hodie
252 4194 408 4237 cernamus
430 4177 609 4255 congeriem.
643 4176 799 4238 Phantasia
822 4194 882 4236 non
906 4175 1005 4235 homo.
1039 4174 1076 4234 ht
1091 4174 1292 4253 fragmentum

149 4274 341 4353 cynegeticon
373 4292 441 4335 casu
479 4276 556 4336 malo
595 4275 636 4337 ita
669 4275 772 4354 incipit
805 4281 838 4334 ut
870 4272 1022 4335 terrestria
1057 4289 1195 4351 expresse
1229 4295 1293 4336 ce-

147 4380 223 4433 tera
247 4372 383 4434 animalia
406 4373 551 4435 dicautur.
602 4374 703 4452 ltaque
731 4391 766 4433 ex
795 4391 865 4432 voce
895 4379 986 4432 cetero
1013 4369 1209 4448 colligendum
1233 4375 1291 4436 erit
