<?xml version="1.0" encoding="UTF-8"?>
<!DOCTYPE html PUBLIC "-//W3C//DTD XHTML 1.0 Transitional//EN"
    "http://www.w3.org/TR/xhtml1/DTD/xhtml1-transitional.dtd">
<html xmlns="http://www.w3.org/1999/xhtml" xml:lang="en" lang="en">
 <head>
  <title>
</title>
<meta http-equiv="Content-Type" content="text/html;charset=utf-8" />
  <meta name='ocr-system' content='tesseract 3.04.00' />
  <meta name='ocr-capabilities' content='ocr_page ocr_carea ocr_par ocr_line ocrx_word'/>
</head>
<body>
  <div class='ocr_page' id='page_1' title='image "./dehalieuticisov00birtgoog_0104.png"; bbox 0 0 2902 5040; ppageno 0'>
   <div class='ocr_carea' id='block_1_1' title="bbox 705 299 926 364">
    <p class='ocr_par' dir='ltr' id='par_1_1' title="bbox 705 299 926 364">
     <span class='ocr_line' id='line_1_1' title="bbox 705 299 926 364; baseline -0.005 -18"><span class='ocrx_word' id='word_1_1' title='bbox 705 299 926 364; x_wconf 72' lang='lat'>..76-</span> 
     </span>
    </p>
   </div>
   <div class='ocr_carea' id='block_1_2' title="bbox 327 474 1389 557">
    <p class='ocr_par' dir='ltr' id='par_1_2' title="bbox 327 474 1389 557">
     <span class='ocr_line' id='line_1_2' title="bbox 327 474 1389 557; baseline -0.003 -19"><span class='ocrx_word' id='word_1_2' title='bbox 327 478 466 539; x_wconf 87' lang='lat' dir='ltr'><strong>Mendum</strong></span> <span class='ocrx_word' id='word_1_3' title='bbox 494 483 581 557; x_wconf 80' lang='lat' dir='ltr'><strong>turpe</strong></span> <span class='ocrx_word' id='word_1_4' title='bbox 608 479 638 538; x_wconf 92' lang='lat' dir='ltr'><strong>in</strong></span> <span class='ocrx_word' id='word_1_5' title='bbox 668 476 780 551; x_wconf 72' lang='lat' dir='ltr'><strong>latinis:</strong></span> <span class='ocrx_word' id='word_1_6' title='bbox 809 493 908 555; x_wconf 88' lang='lat' dir='ltr'><strong>noque</strong></span> <span class='ocrx_word' id='word_1_7' title='bbox 934 475 1014 536; x_wconf 90' lang='lat' dir='ltr'><strong>euim</strong></span> <span class='ocrx_word' id='word_1_8' title='bbox 1044 479 1111 554; x_wconf 89' lang='lat' dir='ltr'><strong>post</strong></span> <span class='ocrx_word' id='word_1_9' title='bbox 1139 491 1308 553; x_wconf 81' lang='lat' dir='ltr'><strong>pronomen</strong></span> <span class='ocrx_word' id='word_1_10' title='bbox 1335 474 1389 535; x_wconf 86' lang='lat' dir='ltr'><strong>de-</strong></span> 
     </span>
    </p>
   </div>
   <div class='ocr_carea' id='block_1_3' title="bbox 243 571 1392 1239">
    <p class='ocr_par' dir='ltr' id='par_1_3' title="bbox 243 571 1392 1239">
     <span class='ocr_line' id='line_1_3' title="bbox 244 571 1392 654; baseline -0.002 -18"><span class='ocrx_word' id='word_1_11' title='bbox 244 575 470 637; x_wconf 83' lang='lat' dir='ltr'><strong>monstrativum</strong></span> <span class='ocrx_word' id='word_1_12' title='bbox 491 575 544 636; x_wconf 81' lang='lat' dir='ltr'><strong>boc</strong></span> <span class='ocrx_word' id='word_1_13' title='bbox 563 573 693 654; x_wconf 55' lang='lat' dir='ltr'><strong>Grande)</strong></span> <span class='ocrx_word' id='word_1_14' title='bbox 714 574 826 637; x_wconf 83' lang='lat' dir='ltr'><strong>adstrui</strong></span> <span class='ocrx_word' id='word_1_15' title='bbox 847 574 994 642; x_wconf 89' lang='lat' dir='ltr'><strong>sententia</strong></span> <span class='ocrx_word' id='word_1_16' title='bbox 1021 591 1096 652; x_wconf 88' lang='lat' dir='ltr'><strong>quac</strong></span> <span class='ocrx_word' id='word_1_17' title='bbox 1115 571 1251 653; x_wconf 87' lang='lat' dir='ltr'><strong>seqnitur</strong></span> <span class='ocrx_word' id='word_1_18' title='bbox 1271 579 1392 652; x_wconf 89' lang='lat' dir='ltr'><strong>poterat</strong></span> 
     </span>
     <span class='ocr_line' id='line_1_4' title="bbox 243 671 1389 753; baseline -0.003 -18"><span class='ocrx_word' id='word_1_19' title='bbox 243 675 346 753; x_wconf 88' lang='lat' dir='ltr'><strong>copula</strong></span> <span class='ocrx_word' id='word_1_20' title='bbox 375 682 410 734; x_wconf 89' lang='lat' dir='ltr'><strong>et.</strong></span> <span class='ocrx_word' id='word_1_21' title='bbox 455 675 558 753; x_wconf 87' lang='lat' dir='ltr'><strong>ltaque</strong></span> <span class='ocrx_word' id='word_1_22' title='bbox 581 672 824 735; x_wconf 89' lang='lat' dir='ltr'><strong>llemsterhusius</strong></span> <span class='ocrx_word' id='word_1_23' title='bbox 850 674 887 734; x_wconf 90' lang='lat' dir='ltr'><strong>ad</strong></span> <span class='ocrx_word' id='word_1_24' title='bbox 907 672 1072 734; x_wconf 83' lang='lat' dir='ltr'><strong>Lucienum</strong></span> <span class='ocrx_word' id='word_1_25' title='bbox 1098 671 1164 732; x_wconf 89' lang='lat' dir='ltr'><strong>dial.</strong></span> <span class='ocrx_word' id='word_1_26' title='bbox 1192 671 1297 732; x_wconf 88' lang='lat' dir='ltr'><strong>marin</strong></span> <span class='ocrx_word' id='word_1_27' title='bbox 1315 671 1389 732; x_wconf 85' lang='lat' dir='ltr'><strong>1v3</strong></span> 
     </span>
     <span class='ocr_line' id='line_1_5' title="bbox 243 768 1389 852; baseline -0.003 -18"><span class='ocrx_word' id='word_1_28' title='bbox 243 772 294 834; x_wconf 94' lang='lat' dir='ltr'><strong>ubi</strong></span> <span class='ocrx_word' id='word_1_29' title='bbox 310 773 346 833; x_wconf 90' lang='lat' dir='ltr'><strong>de</strong></span> <span class='ocrx_word' id='word_1_30' title='bbox 361 773 469 852; x_wconf 83' lang='lat' dir='ltr'><strong>polypo</strong></span> <span class='ocrx_word' id='word_1_31' title='bbox 485 773 591 835; x_wconf 84' lang='lat' dir='ltr'><strong>similia</strong></span> <span class='ocrx_word' id='word_1_32' title='bbox 607 781 679 834; x_wconf 87' lang='lat' dir='ltr'><strong>sunt</strong></span> <span class='ocrx_word' id='word_1_33' title='bbox 695 780 833 835; x_wconf 91' lang='lat' dir='ltr'><strong>nostrum</strong></span> <span class='ocrx_word' id='word_1_34' title='bbox 855 773 953 834; x_wconf 91' lang='lat' dir='ltr'><strong>locum</strong></span> <span class='ocrx_word' id='word_1_35' title='bbox 968 771 1040 832; x_wconf 94' lang='lat' dir='ltr'><strong>dum</strong></span> <span class='ocrx_word' id='word_1_36' title='bbox 1056 770 1127 832; x_wconf 88' lang='lat' dir='ltr'><strong>citat</strong></span> <span class='ocrx_word' id='word_1_37' title='bbox 1141 769 1245 831; x_wconf 89' lang='lat' dir='ltr'><strong>vitium</strong></span> <span class='ocrx_word' id='word_1_38' title='bbox 1261 768 1389 843; x_wconf 87' lang='lat' dir='ltr'><strong>ridebat,</strong></span> 
     </span>
     <span class='ocr_line' id='line_1_6' title="bbox 243 871 1390 951; baseline -0.001 -20"><span class='ocrx_word' id='word_1_39' title='bbox 243 872 396 951; x_wconf 90' lang='lat' dir='ltr'><strong>proposito</strong></span> <span class='ocrx_word' id='word_1_40' title='bbox 412 879 512 932; x_wconf 89' lang='lat' dir='ltr'><strong>autem</strong></span> <span class='ocrx_word' id='word_1_41' title='bbox 527 890 582 932; x_wconf 89' lang='lat' dir='ltr'><strong>suo</strong></span> <span class='ocrx_word' id='word_1_42' title='bbox 598 888 661 933; x_wconf 92' lang='lat' dir='ltr'><strong>non</strong></span> <span class='ocrx_word' id='word_1_43' title='bbox 675 872 808 934; x_wconf 82' lang='lat' dir='ltr'><strong>sustulit:</strong></span> <span class='ocrx_word' id='word_1_44' title='bbox 836 873 880 934; x_wconf 92' lang='lat' dir='ltr'><strong>Ut</strong></span> <span class='ocrx_word' id='word_1_45' title='bbox 899 872 955 933; x_wconf 91' lang='lat' dir='ltr'><strong>sub</strong></span> <span class='ocrx_word' id='word_1_46' title='bbox 975 872 1039 949; x_wconf 85' lang='lat' dir='ltr'><strong>lege</strong></span> <span class='ocrx_word' id='word_1_47' title='bbox 1058 871 1115 933; x_wconf 85' lang='lat' dir='ltr'><strong>loci</strong></span> <span class='ocrx_word' id='word_1_48' title='bbox 1134 879 1242 933; x_wconf 88' lang='lat' dir='ltr'><strong>sumat</strong></span> <span class='ocrx_word' id='word_1_49' title='bbox 1261 877 1390 933; x_wconf 85' lang='lat' dir='ltr'><strong>mutet-</strong></span> 
     </span>
     <span class='ocr_line' id='line_1_7' title="bbox 243 969 1390 1051; baseline 0 -21"><span class='ocrx_word' id='word_1_50' title='bbox 243 989 301 1050; x_wconf 90' lang='lat' dir='ltr'><strong>que</strong></span> <span class='ocrx_word' id='word_1_51' title='bbox 322 970 460 1030; x_wconf 88' lang='lat' dir='ltr'><strong>colorem.</strong></span> <span class='ocrx_word' id='word_1_52' title='bbox 501 969 562 1030; x_wconf 92' lang='lat' dir='ltr'><strong>lam</strong></span> <span class='ocrx_word' id='word_1_53' title='bbox 581 969 687 1031; x_wconf 86' lang='lat' dir='ltr'><strong>laisum</strong></span> <span class='ocrx_word' id='word_1_54' title='bbox 710 970 775 1032; x_wconf 90' lang='lat' dir='ltr'><strong>dico</strong></span> <span class='ocrx_word' id='word_1_55' title='bbox 791 970 878 1032; x_wconf 88' lang='lat' dir='ltr'><strong>etiam</strong></span> <span class='ocrx_word' id='word_1_56' title='bbox 895 971 946 1032; x_wconf 83' lang='lat' dir='ltr'><strong>sub</strong></span> <span class='ocrx_word' id='word_1_57' title='bbox 970 971 1027 1051; x_wconf 73' lang='lat' dir='ltr'><strong>iope</strong></span> <span class='ocrx_word' id='word_1_58' title='bbox 1050 972 1123 1043; x_wconf 80' lang='lat' dir='ltr'><strong>loct,</strong></span> <span class='ocrx_word' id='word_1_59' title='bbox 1147 970 1225 1050; x_wconf 90' lang='lat' dir='ltr'><strong>quod</strong></span> <span class='ocrx_word' id='word_1_60' title='bbox 1241 969 1390 1049; x_wconf 90' lang='lat' dir='ltr'><strong>Hauptius</strong></span> 
     </span>
     <span class='ocr_line' id='line_1_8' title="bbox 246 1067 1390 1149; baseline 0.001 -20"><span class='ocrx_word' id='word_1_61' title='bbox 246 1071 348 1148; x_wconf 88' lang='lat' dir='ltr'><strong>(prael.</strong></span> <span class='ocrx_word' id='word_1_62' title='bbox 367 1088 396 1149; x_wconf 94' lang='lat' dir='ltr'><strong>p.</strong></span> <span class='ocrx_word' id='word_1_63' title='bbox 417 1067 496 1142; x_wconf 88' lang='lat' dir='ltr'><strong>lllll)</strong></span> <span class='ocrx_word' id='word_1_64' title='bbox 522 1068 670 1148; x_wconf 81' lang='lat' dir='ltr'><strong>peculiare</strong></span> <span class='ocrx_word' id='word_1_65' title='bbox 697 1068 770 1129; x_wconf 81' lang='lat' dir='ltr'><strong>dixit</strong></span> <span class='ocrx_word' id='word_1_66' title='bbox 793 1068 904 1129; x_wconf 78' lang='lat' dir='ltr'><strong>Ouidio.</strong></span> <span class='ocrx_word' id='word_1_67' title='bbox 956 1069 1078 1131; x_wconf 87' lang='lat' dir='ltr'><strong>Ovidius</strong></span> <span class='ocrx_word' id='word_1_68' title='bbox 1108 1068 1186 1132; x_wconf 91' lang='lat' dir='ltr'><strong>enim</strong></span> <span class='ocrx_word' id='word_1_69' title='bbox 1217 1069 1318 1149; x_wconf 90' lang='lat' dir='ltr'><strong>potius</strong></span> <span class='ocrx_word' id='word_1_70' title='bbox 1347 1069 1390 1130; x_wconf 91' lang='lat' dir='ltr'><strong>ita</strong></span> 
     </span>
     <span class='ocr_line' id='line_1_9' title="bbox 244 1167 515 1239; baseline -0.007 -10"><span class='ocrx_word' id='word_1_71' title='bbox 244 1170 343 1230; x_wconf 77' lang='lat' dir='ltr'><strong>Amor.</strong></span> <span class='ocrx_word' id='word_1_72' title='bbox 358 1168 398 1228; x_wconf 96' lang='lat' dir='ltr'><strong>lll</strong></span> <span class='ocrx_word' id='word_1_73' title='bbox 414 1168 443 1239; x_wconf 91' lang='grc'><strong>2,</strong></span> <span class='ocrx_word' id='word_1_74' title='bbox 459 1167 515 1227; x_wconf 83' lang='lat'><strong>20:</strong></span> 
     </span>
    </p>
   </div>
   <div class='ocr_carea' id='block_1_4' title="bbox 246 1295 1086 1635">
    <p class='ocr_par' dir='ltr' id='par_1_4' title="bbox 246 1295 1086 1635">
     <span class='ocr_line' id='line_1_10' title="bbox 344 1295 1086 1375; baseline 0.004 -19"><span class='ocrx_word' id='word_1_75' title='bbox 344 1295 480 1358; x_wconf 89' lang='lat' dir='ltr'><strong>Haecin</strong></span> <span class='ocrx_word' id='word_1_76' title='bbox 502 1296 580 1375; x_wconf 77' lang='lat' dir='ltr'><strong>lege</strong></span> <span class='ocrx_word' id='word_1_77' title='bbox 602 1295 673 1356; x_wconf 92' lang='lat' dir='ltr'><strong>loci</strong></span> <span class='ocrx_word' id='word_1_78' title='bbox 693 1295 847 1357; x_wconf 85' lang='lat' dir='ltr'><strong>commoda</strong></span> <span class='ocrx_word' id='word_1_79' title='bbox 870 1295 965 1358; x_wconf 89' lang='lat' dir='ltr'><strong>circus</strong></span> <span class='ocrx_word' id='word_1_80' title='bbox 988 1296 1086 1359; x_wconf 87' lang='lat' dir='ltr'><strong>habet.</strong></span> 
     </span>
     <span class='ocr_line' id='line_1_11' title="bbox 246 1424 899 1505; baseline -0.003 -16"><span class='ocrx_word' id='word_1_81' title='bbox 246 1436 275 1489; x_wconf 88' lang='lat' dir='ltr'><strong>et</strong></span> <span class='ocrx_word' id='word_1_82' title='bbox 297 1427 375 1488; x_wconf 76' lang='lat' dir='ltr'><strong>Artis</strong></span> <span class='ocrx_word' id='word_1_83' title='bbox 398 1427 462 1488; x_wconf 84' lang='lat' dir='ltr'><strong>hm.</strong></span> <span class='ocrx_word' id='word_1_84' title='bbox 479 1427 491 1486; x_wconf 98' lang='lat' dir='ltr'><strong>l</strong></span> <span class='ocrx_word' id='word_1_85' title='bbox 509 1426 569 1487; x_wconf 82' lang='lat'><strong>142</strong></span> <span class='ocrx_word' id='word_1_86' title='bbox 585 1426 650 1486; x_wconf 91' lang='lat' dir='ltr'><strong>sine</strong></span> <span class='ocrx_word' id='word_1_87' title='bbox 665 1424 899 1505; x_wconf 87' lang='lat' dir='ltr'><strong>praepositione:</strong></span> 
     </span>
     <span class='ocr_line' id='line_1_12' title="bbox 345 1554 1062 1635; baseline -0.001 -18"><span class='ocrx_word' id='word_1_88' title='bbox 345 1556 431 1629; x_wconf 83' lang='lat' dir='ltr'><strong>Quod</strong></span> <span class='ocrx_word' id='word_1_89' title='bbox 451 1555 507 1617; x_wconf 93' lang='lat' dir='ltr'><strong>tibi</strong></span> <span class='ocrx_word' id='word_1_90' title='bbox 529 1555 677 1634; x_wconf 85' lang='lat' dir='ltr'><strong>tangenda</strong></span> <span class='ocrx_word' id='word_1_91' title='bbox 697 1564 742 1616; x_wconf 84' lang='lat' dir='ltr'><strong>est</strong></span> <span class='ocrx_word' id='word_1_92' title='bbox 764 1555 842 1632; x_wconf 84' lang='lat' dir='ltr'><strong>lego</strong></span> <span class='ocrx_word' id='word_1_93' title='bbox 865 1555 959 1635; x_wconf 89' lang='lat' dir='ltr'><strong>puella</strong></span> <span class='ocrx_word' id='word_1_94' title='bbox 983 1554 1062 1617; x_wconf 89' lang='lat' dir='ltr'><strong>loci.</strong></span> 
     </span>
    </p>
   </div>
   <div class='ocr_carea' id='block_1_5' title="bbox 242 1682 1391 2258">
    <p class='ocr_par' dir='ltr' id='par_1_5' title="bbox 242 1682 1391 2258">
     <span class='ocr_line' id='line_1_13' title="bbox 243 1682 1391 1764; baseline 0.002 -20"><span class='ocrx_word' id='word_1_95' title='bbox 243 1683 301 1745; x_wconf 83' lang='lat' dir='ltr'><strong>Sub</strong></span> <span class='ocrx_word' id='word_1_96' title='bbox 327 1693 407 1746; x_wconf 89' lang='lat' dir='ltr'><strong>recte</strong></span> <span class='ocrx_word' id='word_1_97' title='bbox 433 1684 500 1746; x_wconf 90' lang='lat' dir='ltr'><strong>addi</strong></span> <span class='ocrx_word' id='word_1_98' title='bbox 525 1702 587 1745; x_wconf 91' lang='lat' dir='ltr'><strong>non</strong></span> <span class='ocrx_word' id='word_1_99' title='bbox 614 1684 715 1758; x_wconf 74' lang='lat' dir='ltr'><strong>oredo:</strong></span> <span class='ocrx_word' id='word_1_100' title='bbox 741 1703 841 1764; x_wconf 88' lang='lat' dir='ltr'><strong>neque</strong></span> <span class='ocrx_word' id='word_1_101' title='bbox 867 1684 947 1744; x_wconf 89' lang='lat' dir='ltr'><strong>euim</strong></span> <span class='ocrx_word' id='word_1_102' title='bbox 978 1682 1159 1763; x_wconf 85' lang='lat' dir='ltr'><strong>pertinuisse</strong></span> <span class='ocrx_word' id='word_1_103' title='bbox 1185 1683 1303 1746; x_wconf 86' lang='lat' dir='ltr'><strong>videtur</strong></span> <span class='ocrx_word' id='word_1_104' title='bbox 1331 1684 1391 1746; x_wconf 91' lang='lat' dir='ltr'><strong>nisi</strong></span> 
     </span>
     <span class='ocr_line' id='line_1_14' title="bbox 244 1782 1391 1863; baseline -0.001 -19"><span class='ocrx_word' id='word_1_105' title='bbox 244 1784 280 1844; x_wconf 89' lang='lat' dir='ltr'><strong>ad</strong></span> <span class='ocrx_word' id='word_1_106' title='bbox 297 1783 441 1844; x_wconf 86' lang='lat' dir='ltr'><strong>clausulas</strong></span> <span class='ocrx_word' id='word_1_107' title='bbox 457 1783 529 1844; x_wconf 89' lang='lat' dir='ltr'><strong>tales</strong></span> <span class='ocrx_word' id='word_1_108' title='bbox 546 1783 639 1844; x_wconf 90' lang='lat' dir='ltr'><strong>velut:</strong></span> <span class='ocrx_word' id='word_1_109' title='bbox 666 1783 718 1843; x_wconf 84' lang='lat' dir='ltr'><strong>sub</strong></span> <span class='ocrx_word' id='word_1_110' title='bbox 735 1782 792 1863; x_wconf 82' lang='lat' dir='ltr'><strong>lepe</strong></span> <span class='ocrx_word' id='word_1_111' title='bbox 811 1801 855 1859; x_wconf 81' lang='lat' dir='ltr'><strong>ree,</strong></span> <span class='ocrx_word' id='word_1_112' title='bbox 874 1783 926 1843; x_wconf 85' lang='lat' dir='ltr'><strong>sub</strong></span> <span class='ocrx_word' id='word_1_113' title='bbox 950 1783 1107 1844; x_wconf 83' lang='lat' dir='ltr'><strong>conditione</strong></span> <span class='ocrx_word' id='word_1_114' title='bbox 1129 1792 1170 1854; x_wconf 84' lang='lat' dir='ltr'><strong>nt,</strong></span> <span class='ocrx_word' id='word_1_115' title='bbox 1191 1783 1243 1844; x_wconf 83' lang='lat' dir='ltr'><strong>sub</strong></span> <span class='ocrx_word' id='word_1_116' title='bbox 1264 1801 1299 1844; x_wconf 87' lang='lat' dir='ltr'><strong>eu</strong></span> <span class='ocrx_word' id='word_1_117' title='bbox 1322 1799 1391 1844; x_wconf 79' lang='lat' dir='ltr'><strong>cote-</strong></span> 
     </span>
     <span class='ocr_line' id='line_1_15' title="bbox 244 1880 1387 1961; baseline 0 -19"><span class='ocrx_word' id='word_1_118' title='bbox 244 1881 348 1943; x_wconf 82' lang='lat' dir='ltr'><strong>ditione</strong></span> <span class='ocrx_word' id='word_1_119' title='bbox 381 1899 432 1953; x_wconf 84' lang='lat' dir='ltr'><strong>ac,</strong></span> <span class='ocrx_word' id='word_1_120' title='bbox 466 1882 516 1942; x_wconf 84' lang='lat' dir='ltr'><strong>sub</strong></span> <span class='ocrx_word' id='word_1_121' title='bbox 550 1884 710 1961; x_wconf 70' lang='lat' dir='ltr'><strong>exceptione</strong></span> <span class='ocrx_word' id='word_1_122' title='bbox 742 1884 781 1952; x_wconf 83' lang='lat' dir='ltr'><strong>si,</strong></span> <span class='ocrx_word' id='word_1_123' title='bbox 814 1881 885 1942; x_wconf 90' lang='lat' dir='ltr'><strong>item</strong></span> <span class='ocrx_word' id='word_1_124' title='bbox 919 1881 970 1941; x_wconf 84' lang='lat' dir='ltr'><strong>sub</strong></span> <span class='ocrx_word' id='word_1_125' title='bbox 999 1897 1094 1960; x_wconf 83' lang='lat' dir='ltr'><strong>poene</strong></span> <span class='ocrx_word' id='word_1_126' title='bbox 1122 1885 1220 1942; x_wconf 70' lang='lat' dir='ltr'><strong>morth</strong></span> <span class='ocrx_word' id='word_1_127' title='bbox 1247 1880 1387 1960; x_wconf 89' lang='lat' dir='ltr'><strong>(Sueton.</strong></span> 
     </span>
     <span class='ocr_line' id='line_1_16' title="bbox 244 1979 1391 2060; baseline 0.001 -20"><span class='ocrx_word' id='word_1_128' title='bbox 244 1980 329 2058; x_wconf 83' lang='lat' dir='ltr'><strong>Calig.</strong></span> <span class='ocrx_word' id='word_1_129' title='bbox 347 1980 410 2059; x_wconf 88' lang='grc'>48).</span> <span class='ocrx_word' id='word_1_130' title='bbox 441 1980 593 2042; x_wconf 89' lang='lat' dir='ltr'><strong>Genitivus</strong></span> <span class='ocrx_word' id='word_1_131' title='bbox 613 1980 669 2040; x_wconf 81' lang='lat' dir='ltr'><strong>loci</strong></span> <span class='ocrx_word' id='word_1_132' title='bbox 688 1979 724 2041; x_wconf 90' lang='lat' dir='ltr'><strong>ad</strong></span> <span class='ocrx_word' id='word_1_133' title='bbox 745 1979 833 2040; x_wconf 89' lang='lat' dir='ltr'><strong>talem</strong></span> <span class='ocrx_word' id='word_1_134' title='bbox 856 1979 1016 2040; x_wconf 85' lang='lat' dir='ltr'><strong>clausulam</strong></span> <span class='ocrx_word' id='word_1_135' title='bbox 1033 1979 1084 2059; x_wconf 91' lang='lat' dir='ltr'><strong>qui</strong></span> <span class='ocrx_word' id='word_1_136' title='bbox 1100 1979 1166 2040; x_wconf 90' lang='lat' dir='ltr'><strong>addi</strong></span> <span class='ocrx_word' id='word_1_137' title='bbox 1180 1980 1312 2060; x_wconf 90' lang='lat' dir='ltr'><strong>potuerit</strong></span> <span class='ocrx_word' id='word_1_138' title='bbox 1325 1998 1391 2041; x_wconf 90' lang='lat' dir='ltr'><strong>non</strong></span> 
     </span>
     <span class='ocr_line' id='line_1_17' title="bbox 242 2077 1391 2159; baseline 0.002 -21"><span class='ocrx_word' id='word_1_139' title='bbox 242 2078 337 2139; x_wconf 89' lang='lat' dir='ltr'><strong>video.</strong></span> <span class='ocrx_word' id='word_1_140' title='bbox 381 2078 462 2140; x_wconf 88' lang='lat' dir='ltr'><strong>Bene</strong></span> <span class='ocrx_word' id='word_1_141' title='bbox 478 2086 577 2140; x_wconf 88' lang='lat' dir='ltr'><strong>autem</strong></span> <span class='ocrx_word' id='word_1_142' title='bbox 604 2077 660 2138; x_wconf 86' lang='lat' dir='ltr'><strong>erit</strong></span> <span class='ocrx_word' id='word_1_143' title='bbox 686 2078 710 2138; x_wconf 91' lang='lat' dir='ltr'><strong>si</strong></span> <span class='ocrx_word' id='word_1_144' title='bbox 737 2079 818 2139; x_wconf 92' lang='lat' dir='ltr'><strong>color</strong></span> <span class='ocrx_word' id='word_1_145' title='bbox 840 2097 929 2159; x_wconf 91' lang='lat' dir='ltr'><strong>quam</strong></span> <span class='ocrx_word' id='word_1_146' title='bbox 953 2078 991 2139; x_wconf 94' lang='lat' dir='ltr'><strong>ob</strong></span> <span class='ocrx_word' id='word_1_147' title='bbox 1014 2097 1133 2140; x_wconf 90' lang='lat' dir='ltr'><strong>causam</strong></span> <span class='ocrx_word' id='word_1_148' title='bbox 1149 2085 1282 2139; x_wconf 89' lang='lat' dir='ltr'><strong>mutetur</strong></span> <span class='ocrx_word' id='word_1_149' title='bbox 1305 2078 1391 2140; x_wconf 90' lang='lat' dir='ltr'><strong>addi-</strong></span> 
     </span>
     <span class='ocr_line' id='line_1_18' title="bbox 243 2176 1367 2258; baseline -0.001 -20"><span class='ocrx_word' id='word_1_150' title='bbox 243 2178 387 2252; x_wconf 73' lang='lat' dir='ltr'><strong>derimus:</strong></span> <span class='ocrx_word' id='word_1_151' title='bbox 409 2178 599 2258; x_wconf 88' lang='lat' dir='ltr'><strong>nequeenim</strong></span> <span class='ocrx_word' id='word_1_152' title='bbox 616 2195 733 2257; x_wconf 86' lang='lat' dir='ltr'><strong>semper</strong></span> <span class='ocrx_word' id='word_1_153' title='bbox 754 2179 805 2252; x_wconf 83' lang='lat' dir='ltr'><strong>fit3</strong></span> <span class='ocrx_word' id='word_1_154' title='bbox 827 2178 907 2239; x_wconf 88' lang='lat' dir='ltr'><strong>uude</strong></span> <span class='ocrx_word' id='word_1_155' title='bbox 929 2178 989 2238; x_wconf 91' lang='lat' dir='ltr'><strong>huc</strong></span> <span class='ocrx_word' id='word_1_156' title='bbox 1011 2195 1066 2256; x_wconf 86' lang='lat' dir='ltr'><strong>ego</strong></span> <span class='ocrx_word' id='word_1_157' title='bbox 1089 2177 1209 2257; x_wconf 87' lang='lat' dir='ltr'><strong>quidem</strong></span> <span class='ocrx_word' id='word_1_158' title='bbox 1233 2176 1367 2238; x_wconf 83' lang='lat' dir='ltr'><strong>deferor:</strong></span> 
     </span>
    </p>
   </div>
   <div class='ocr_carea' id='block_1_6' title="bbox 343 2305 1178 2505">
    <p class='ocr_par' dir='ltr' id='par_1_6' title="bbox 343 2305 1178 2505">
     <span class='ocr_line' id='line_1_19' title="bbox 343 2305 1074 2388; baseline -0.003 -18"><span class='ocrx_word' id='word_1_159' title='bbox 343 2310 471 2388; x_wconf 82' lang='lat' dir='ltr'><strong>Polypus</strong></span> <span class='ocrx_word' id='word_1_160' title='bbox 494 2308 597 2369; x_wconf 88' lang='lat' dir='ltr'><strong>haeret</strong></span> <span class='ocrx_word' id='word_1_161' title='bbox 619 2315 649 2368; x_wconf 89' lang='lat' dir='ltr'><strong>et</strong></span> <span class='ocrx_word' id='word_1_162' title='bbox 670 2308 725 2369; x_wconf 90' lang='lat' dir='ltr'><strong>hac</strong></span> <span class='ocrx_word' id='word_1_163' title='bbox 746 2307 838 2370; x_wconf 90' lang='lat' dir='ltr'><strong>eludit</strong></span> <span class='ocrx_word' id='word_1_164' title='bbox 860 2307 933 2369; x_wconf 90' lang='lat' dir='ltr'><strong>retia</strong></span> <span class='ocrx_word' id='word_1_165' title='bbox 956 2305 1074 2368; x_wconf 87' lang='lat' dir='ltr'><strong>fraude:</strong></span> 
     </span>
     <span class='ocr_line' id='line_1_20' title="bbox 343 2406 1178 2505; baseline -0.001 -37"><span class='ocrx_word' id='word_1_166' title='bbox 343 2409 503 2480; x_wconf 87' lang='lat' dir='ltr'><strong>Pressus</strong></span> <span class='ocrx_word' id='word_1_167' title='bbox 525 2406 589 2505; x_wconf 79' lang='lat' dir='ltr'><strong>legp</strong></span> <span class='ocrx_word' id='word_1_168' title='bbox 612 2407 668 2468; x_wconf 91' lang='lat' dir='ltr'><strong>loci</strong></span> <span class='ocrx_word' id='word_1_169' title='bbox 691 2407 784 2468; x_wconf 91' lang='lat' dir='ltr'><strong>sumit</strong></span> <span class='ocrx_word' id='word_1_170' title='bbox 807 2412 961 2487; x_wconf 90' lang='lat' dir='ltr'><strong>mutatque</strong></span> <span class='ocrx_word' id='word_1_171' title='bbox 984 2406 1125 2480; x_wconf 90' lang='lat' dir='ltr'><strong>colorem,</strong></span> <span class='ocrx_word' id='word_1_172' title='bbox 1175 2493 1178 2498; x_wconf 17' lang='grc' dir='ltr'><em>ι</em></span> 
     </span>
    </p>
   </div>
   <div class='ocr_carea' id='block_1_7' title="bbox 241 2552 1392 3621">
    <p class='ocr_par' dir='ltr' id='par_1_7' title="bbox 241 2552 1392 3431">
     <span class='ocr_line' id='line_1_21' title="bbox 242 2552 1391 2635; baseline -0.003 -18"><span class='ocrx_word' id='word_1_173' title='bbox 242 2557 299 2617; x_wconf 89' lang='lat' dir='ltr'><strong>hoe</strong></span> <span class='ocrx_word' id='word_1_174' title='bbox 315 2564 373 2617; x_wconf 91' lang='lat' dir='ltr'><strong>est:</strong></span> <span class='ocrx_word' id='word_1_175' title='bbox 389 2555 414 2615; x_wconf 90' lang='lat' dir='ltr'><strong>si</strong></span> <span class='ocrx_word' id='word_1_176' title='bbox 429 2552 465 2616; x_wconf 91' lang='lat' dir='ltr'><strong>ab</strong></span> <span class='ocrx_word' id='word_1_177' title='bbox 481 2553 567 2617; x_wconf 85' lang='lat' dir='ltr'><strong>hoste</strong></span> <span class='ocrx_word' id='word_1_178' title='bbox 581 2554 737 2634; x_wconf 89' lang='lat' dir='ltr'><strong>premitur.</strong></span> <span class='ocrx_word' id='word_1_179' title='bbox 756 2554 847 2627; x_wconf 75' lang='lat' dir='ltr'><strong>Quae</strong></span> <span class='ocrx_word' id='word_1_180' title='bbox 857 2555 883 2616; x_wconf 91' lang='lat' dir='ltr'><strong>si</strong></span> <span class='ocrx_word' id='word_1_181' title='bbox 894 2556 951 2635; x_wconf 88' lang='lat' dir='ltr'><strong>qua</strong></span> <span class='ocrx_word' id='word_1_182' title='bbox 964 2560 1011 2615; x_wconf 87' lang='lat' dir='ltr'><strong>est</strong></span> <span class='ocrx_word' id='word_1_183' title='bbox 1021 2553 1168 2615; x_wconf 90' lang='lat' dir='ltr'><strong>sermonis</strong></span> <span class='ocrx_word' id='word_1_184' title='bbox 1181 2553 1304 2615; x_wconf 86' lang='lat' dir='ltr'><strong>durities</strong></span> <span class='ocrx_word' id='word_1_185' title='bbox 1318 2571 1391 2633; x_wconf 94' lang='lat' dir='ltr'><strong>pro·</strong></span> 
     </span>
     <span class='ocr_line' id='line_1_22' title="bbox 241 2652 1392 2736; baseline 0.002 -20"><span class='ocrx_word' id='word_1_186' title='bbox 241 2655 305 2734; x_wconf 90' lang='lat' dir='ltr'><strong>pria</strong></span> <span class='ocrx_word' id='word_1_187' title='bbox 320 2661 421 2716; x_wconf 90' lang='lat' dir='ltr'><strong>tamen</strong></span> <span class='ocrx_word' id='word_1_188' title='bbox 437 2672 470 2714; x_wconf 88' lang='lat' dir='ltr'><strong>aa</strong></span> <span class='ocrx_word' id='word_1_189' title='bbox 485 2652 573 2714; x_wconf 91' lang='lat' dir='ltr'><strong>huius</strong></span> <span class='ocrx_word' id='word_1_190' title='bbox 588 2659 693 2732; x_wconf 87' lang='lat' dir='ltr'><strong>poetae</strong></span> <span class='ocrx_word' id='word_1_191' title='bbox 716 2660 769 2714; x_wconf 88' lang='lat' dir='ltr'><strong>est.</strong></span> <span class='ocrx_word' id='word_1_192' title='bbox 811 2655 909 2734; x_wconf 81' lang='lat' dir='ltr'><strong>Atque</strong></span> <span class='ocrx_word' id='word_1_193' title='bbox 932 2673 969 2716; x_wconf 90' lang='lat' dir='ltr'><strong>ne</strong></span> <span class='ocrx_word' id='word_1_194' title='bbox 992 2674 1075 2717; x_wconf 93' lang='lat' dir='ltr'><strong>nunc</strong></span> <span class='ocrx_word' id='word_1_195' title='bbox 1095 2656 1216 2736; x_wconf 88' lang='lat' dir='ltr'><strong>quidem</strong></span> <span class='ocrx_word' id='word_1_196' title='bbox 1236 2656 1392 2735; x_wconf 82' lang='lat' dir='ltr'><strong>explanata</strong></span> 
     </span>
     <span class='ocr_line' id='line_1_23' title="bbox 242 2751 1388 2834; baseline 0.003 -22"><span class='ocrx_word' id='word_1_197' title='bbox 242 2753 354 2812; x_wconf 92' lang='lat' dir='ltr'><strong>omnia:</strong></span> <span class='ocrx_word' id='word_1_198' title='bbox 385 2769 492 2831; x_wconf 89' lang='lat' dir='ltr'><strong>nempe</strong></span> <span class='ocrx_word' id='word_1_199' title='bbox 515 2751 618 2812; x_wconf 82' lang='lat' dir='ltr'><strong>fraude</strong></span> <span class='ocrx_word' id='word_1_200' title='bbox 644 2751 700 2812; x_wconf 91' lang='lat' dir='ltr'><strong>ista</strong></span> <span class='ocrx_word' id='word_1_201' title='bbox 726 2751 834 2812; x_wconf 89' lang='lat' dir='ltr'><strong>coloris</strong></span> <span class='ocrx_word' id='word_1_202' title='bbox 857 2752 952 2815; x_wconf 89' lang='lat' dir='ltr'><strong>hostis</strong></span> <span class='ocrx_word' id='word_1_203' title='bbox 975 2754 1095 2834; x_wconf 88' lang='lat' dir='ltr'><strong>quidem</strong></span> <span class='ocrx_word' id='word_1_204' title='bbox 1119 2755 1278 2816; x_wconf 88' lang='lat' dir='ltr'><strong>eludentur</strong></span> <span class='ocrx_word' id='word_1_205' title='bbox 1300 2754 1388 2827; x_wconf 91' lang='lat' dir='ltr'><strong>oculi,</strong></span> 
     </span>
     <span class='ocr_line' id='line_1_24' title="bbox 243 2849 1391 2935; baseline 0.001 -24"><span class='ocrx_word' id='word_1_206' title='bbox 243 2861 273 2911; x_wconf 89' lang='lat' dir='ltr'><strong>at</strong></span> <span class='ocrx_word' id='word_1_207' title='bbox 287 2851 381 2911; x_wconf 90' lang='lat' dir='ltr'><strong>retia</strong></span> <span class='ocrx_word' id='word_1_208' title='bbox 398 2850 536 2921; x_wconf 84' lang='lat' dir='ltr'><strong>minime,</strong></span> <span class='ocrx_word' id='word_1_209' title='bbox 559 2868 657 2929; x_wconf 91' lang='lat' dir='ltr'><strong>neque</strong></span> <span class='ocrx_word' id='word_1_210' title='bbox 671 2849 737 2911; x_wconf 89' lang='lat' dir='ltr'><strong>ideo</strong></span> <span class='ocrx_word' id='word_1_211' title='bbox 753 2850 894 2912; x_wconf 90' lang='lat' dir='ltr'><strong>nimirum</strong></span> <span class='ocrx_word' id='word_1_212' title='bbox 910 2851 983 2913; x_wconf 89' lang='lat' dir='ltr'><strong>retia</strong></span> <span class='ocrx_word' id='word_1_213' title='bbox 999 2852 1079 2914; x_wconf 86' lang='lat' dir='ltr'><strong>eludi</strong></span> <span class='ocrx_word' id='word_1_214' title='bbox 1093 2851 1278 2935; x_wconf 89' lang='lat' dir='ltr'><strong>reliquorum</strong></span> <span class='ocrx_word' id='word_1_215' title='bbox 1294 2853 1391 2933; x_wconf 92' lang='lat' dir='ltr'><strong>scrip-</strong></span> 
     </span>
     <span class='ocr_line' id='line_1_25' title="bbox 242 2935 1391 3031; baseline 0.003 -22"><span class='ocrx_word' id='word_1_216' title='bbox 242 2956 342 3009; x_wconf 89' lang='lat' dir='ltr'><strong>torum</strong></span> <span class='ocrx_word' id='word_1_217' title='bbox 363 2948 521 3028; x_wconf 84' lang='lat' dir='ltr'><strong>quisquam</strong></span> <span class='ocrx_word' id='word_1_218' title='bbox 542 2948 692 3011; x_wconf 88' lang='lat' dir='ltr'><strong>tradebat:</strong></span> <span class='ocrx_word' id='word_1_219' title='bbox 721 2959 751 3012; x_wconf 91' lang='lat' dir='ltr'><strong>at</strong></span> <span class='ocrx_word' id='word_1_220' title='bbox 773 2949 947 3013; x_wconf 88' lang='lat' dir='ltr'><strong>eludebatur</strong></span> <span class='ocrx_word' id='word_1_221' title='bbox 962 2960 1081 3031; x_wconf 88' lang='lat' dir='ltr'><strong>praeter</strong></span> <span class='ocrx_word' id='word_1_222' title='bbox 1096 2935 1248 3013; x_wconf 88' lang='lat' dir='ltr'><strong>hominem</strong></span> <span class='ocrx_word' id='word_1_223' title='bbox 1263 2951 1391 3031; x_wconf 91' lang='lat' dir='ltr'><strong>piscium</strong></span> 
     </span>
     <span class='ocr_line' id='line_1_26' title="bbox 243 3033 1391 3127; baseline 0.002 -18"><span class='ocrx_word' id='word_1_224' title='bbox 243 3066 362 3127; x_wconf 90' lang='lat' dir='ltr'><strong>quoque</strong></span> <span class='ocrx_word' id='word_1_225' title='bbox 378 3047 514 3109; x_wconf 87' lang='lat' dir='ltr'><strong>incursus</strong></span> <span class='ocrx_word' id='word_1_226' title='bbox 530 3033 830 3111; x_wconf 44' lang='lat' dir='ltr'><strong>velut&#39;murenarum.</strong></span> <span class='ocrx_word' id='word_1_227' title='bbox 868 3047 1003 3111; x_wconf 78' lang='lat' dir='ltr'><strong>Concidit</strong></span> <span class='ocrx_word' id='word_1_228' title='bbox 1018 3067 1085 3110; x_wconf 88' lang='lat' dir='ltr'><strong>ecce</strong></span> <span class='ocrx_word' id='word_1_229' title='bbox 1101 3049 1188 3110; x_wconf 88' lang='lat' dir='ltr'><strong>etiam</strong></span> <span class='ocrx_word' id='word_1_230' title='bbox 1205 3053 1278 3112; x_wconf 83' lang='lat' dir='ltr'><strong>retia</strong></span> <span class='ocrx_word' id='word_1_231' title='bbox 1293 3050 1391 3111; x_wconf 89' lang='lat' dir='ltr'><strong>lectio.</strong></span> 
     </span>
     <span class='ocr_line' id='line_1_27' title="bbox 243 3144 1390 3219; baseline 0.003 -13"><span class='ocrx_word' id='word_1_232' title='bbox 243 3144 343 3219; x_wconf 80' lang='lat' dir='ltr'><strong>Quint</strong></span> <span class='ocrx_word' id='word_1_233' title='bbox 370 3147 394 3207; x_wconf 92' lang='lat' dir='ltr'><strong>si</strong></span> <span class='ocrx_word' id='word_1_234' title='bbox 415 3146 569 3209; x_wconf 90' lang='lat' dir='ltr'><strong>sollemnia</strong></span> <span class='ocrx_word' id='word_1_235' title='bbox 585 3147 616 3209; x_wconf 91' lang='lat' dir='ltr'><strong>in</strong></span> <span class='ocrx_word' id='word_1_236' title='bbox 634 3148 689 3209; x_wconf 94' lang='lat' dir='ltr'><strong>hoc</strong></span> <span class='ocrx_word' id='word_1_237' title='bbox 704 3147 836 3210; x_wconf 88' lang='lat' dir='ltr'><strong>carmine</strong></span> <span class='ocrx_word' id='word_1_238' title='bbox 851 3147 926 3208; x_wconf 87' lang='lat' dir='ltr'><strong>retia</strong></span> <span class='ocrx_word' id='word_1_239' title='bbox 942 3146 998 3208; x_wconf 92' lang='lat' dir='ltr'><strong>sibi</strong></span> <span class='ocrx_word' id='word_1_240' title='bbox 1013 3147 1150 3209; x_wconf 82' lang='lat' dir='ltr'><strong>inveniro</strong></span> <span class='ocrx_word' id='word_1_241' title='bbox 1164 3148 1196 3208; x_wconf 88' lang='lat' dir='ltr'><strong>in</strong></span> <span class='ocrx_word' id='word_1_242' title='bbox 1211 3146 1255 3208; x_wconf 92' lang='lat' dir='ltr'><strong>his</strong></span> <span class='ocrx_word' id='word_1_243' title='bbox 1276 3147 1390 3210; x_wconf 88' lang='lat' dir='ltr'><strong>scribae</strong></span> 
     </span>
     <span class='ocr_line' id='line_1_28' title="bbox 242 3244 1392 3327; baseline 0.004 -23"><span class='ocrx_word' id='word_1_244' title='bbox 242 3244 431 3306; x_wconf 89' lang='lat' dir='ltr'><strong>videbantur:</strong></span> <span class='ocrx_word' id='word_1_245' title='bbox 471 3245 592 3326; x_wconf 77' lang='lat' dir='ltr'><strong>Polypus</strong></span> <span class='ocrx_word' id='word_1_246' title='bbox 619 3247 716 3308; x_wconf 80' lang='lat' dir='ltr'><strong>liceret</strong></span> <span class='ocrx_word' id='word_1_247' title='bbox 748 3256 774 3307; x_wconf 88' lang='lat' dir='ltr'><strong>et</strong></span> <span class='ocrx_word' id='word_1_248' title='bbox 800 3245 853 3306; x_wconf 85' lang='lat' dir='ltr'><strong>boc</strong></span> <span class='ocrx_word' id='word_1_249' title='bbox 885 3245 974 3307; x_wconf 83' lang='lat' dir='ltr'><strong>eludit</strong></span> <span class='ocrx_word' id='word_1_250' title='bbox 1002 3246 1109 3325; x_wconf 88' lang='lat' dir='ltr'><strong>praeha</strong></span> <span class='ocrx_word' id='word_1_251' title='bbox 1139 3245 1270 3327; x_wconf 70' lang='lat' dir='ltr'><strong>froude?</strong></span> <span class='ocrx_word' id='word_1_252' title='bbox 1311 3248 1392 3309; x_wconf 85' lang='lat' dir='ltr'><strong>velut</strong></span> 
     </span>
     <span class='ocr_line' id='line_1_29' title="bbox 243 3340 1391 3431; baseline 0.003 -29"><span class='ocrx_word' id='word_1_253' title='bbox 243 3341 355 3404; x_wconf 81' lang='lat' dir='ltr'><strong>eludere</strong></span> <span class='ocrx_word' id='word_1_254' title='bbox 370 3340 474 3416; x_wconf 81' lang='lat' dir='ltr'><strong>hostes,</strong></span> <span class='ocrx_word' id='word_1_255' title='bbox 497 3344 585 3405; x_wconf 82' lang='lat' dir='ltr'><strong>telum</strong></span> <span class='ocrx_word' id='word_1_256' title='bbox 596 3343 701 3405; x_wconf 91' lang='lat' dir='ltr'><strong>similia</strong></span> <span class='ocrx_word' id='word_1_257' title='bbox 718 3342 864 3406; x_wconf 90' lang='lat' dir='ltr'><strong>dicebant.</strong></span> <span class='ocrx_word' id='word_1_258' title='bbox 891 3343 1065 3407; x_wconf 89' lang='lat' dir='ltr'><strong>Rationisne</strong></span> <span class='ocrx_word' id='word_1_259' title='bbox 1079 3345 1211 3431; x_wconf 86' lang='lat' dir='ltr'><strong>suasioni</strong></span> <span class='ocrx_word' id='word_1_260' title='bbox 1229 3341 1391 3408; x_wconf 76' lang='lat' dir='ltr'><strong>oboedies‘l</strong></span> 
     </span>
    </p>

    <p class='ocr_par' dir='ltr' id='par_1_8' title="bbox 245 3434 1390 3621">
     <span class='ocr_line' id='line_1_30' title="bbox 328 3434 1390 3524; baseline 0.003 -22"><span class='ocrx_word' id='word_1_261' title='bbox 328 3441 462 3503; x_wconf 76' lang='lat' dir='ltr'><strong>Adicitur</strong></span> <span class='ocrx_word' id='word_1_262' title='bbox 483 3450 581 3504; x_wconf 89' lang='lat' dir='ltr'><strong>autem</strong></span> <span class='ocrx_word' id='word_1_263' title='bbox 603 3443 693 3504; x_wconf 90' lang='lat' dir='ltr'><strong>etiam</strong></span> <span class='ocrx_word' id='word_1_264' title='bbox 714 3443 804 3504; x_wconf 89' lang='lat' dir='ltr'><strong>altera</strong></span> <span class='ocrx_word' id='word_1_265' title='bbox 826 3443 907 3504; x_wconf 89' lang='lat' dir='ltr'><strong>lraus</strong></span> <span class='ocrx_word' id='word_1_266' title='bbox 922 3462 980 3523; x_wconf 88' lang='lat' dir='ltr'><strong>qua</strong></span> <span class='ocrx_word' id='word_1_267' title='bbox 1002 3445 1127 3524; x_wconf 76' lang='lat' dir='ltr'><strong>polypus</strong></span> <span class='ocrx_word' id='word_1_268' title='bbox 1142 3443 1262 3505; x_wconf 87' lang='lat' dir='ltr'><strong>insidias</strong></span> <span class='ocrx_word' id='word_1_269' title='bbox 1278 3434 1390 3516; x_wconf 48' lang='lat' dir='ltr'><strong>eludat:</strong></span> 
     </span>
     <span class='ocr_line' id='line_1_31' title="bbox 245 3539 793 3621; baseline 0 -21"><span class='ocrx_word' id='word_1_270' title='bbox 245 3539 410 3619; x_wconf 88' lang='lat' dir='ltr'><strong>etquidem</strong></span> <span class='ocrx_word' id='word_1_271' title='bbox 427 3559 459 3602; x_wconf 92' lang='lat' dir='ltr'><strong>ea</strong></span> <span class='ocrx_word' id='word_1_272' title='bbox 475 3541 500 3602; x_wconf 92' lang='lat' dir='ltr'><strong>si</strong></span> <span class='ocrx_word' id='word_1_273' title='bbox 514 3541 603 3603; x_wconf 91' lang='lat' dir='ltr'><strong>hamo</strong></span> <span class='ocrx_word' id='word_1_274' title='bbox 620 3548 722 3621; x_wconf 87' lang='lat' dir='ltr'><strong>captus</strong></span> <span class='ocrx_word' id='word_1_275' title='bbox 738 3539 793 3602; x_wconf 89' lang='lat' dir='ltr'><strong>sit:</strong></span> 
     </span>
    </p>
   </div>
   <div class='ocr_carea' id='block_1_8' title="bbox 152 3678 1177 4055">
    <p class='ocr_par' dir='ltr' id='par_1_9' title="bbox 152 3678 1177 4055">
     <span class='ocr_line' id='line_1_32' title="bbox 746 3678 1076 3758; baseline 0.006 -19"><span class='ocrx_word' id='word_1_276' title='bbox 746 3680 843 3758; x_wconf 77' lang='lat' dir='ltr'><strong>Atque</strong></span> <span class='ocrx_word' id='word_1_277' title='bbox 865 3678 917 3740; x_wconf 92' lang='lat' dir='ltr'><strong>ubi</strong></span> <span class='ocrx_word' id='word_1_278' title='bbox 938 3679 1076 3758; x_wconf 89' lang='lat' dir='ltr'><strong>praedam</strong></span> 
     </span>
     <span class='ocr_line' id='line_1_33' title="bbox 152 3776 1177 3858; baseline 0.005 -23"><span class='ocrx_word' id='word_1_279' title='bbox 152 3856 154 3858; x_wconf 10' lang='lat' dir='ltr'>q</span> <span class='ocrx_word' id='word_1_280' title='bbox 344 3776 529 3838; x_wconf 89' lang='lat' dir='ltr'><strong>Pendentem</strong></span> <span class='ocrx_word' id='word_1_281' title='bbox 554 3777 751 3846; x_wconf 86' lang='lat' dir='ltr'><strong>setisavidus</strong></span> <span class='ocrx_word' id='word_1_282' title='bbox 773 3777 860 3857; x_wconf 84' lang='lat' dir='ltr'><strong>rapit,</strong></span> <span class='ocrx_word' id='word_1_283' title='bbox 884 3777 932 3838; x_wconf 93' lang='lat' dir='ltr'><strong>hic</strong></span> <span class='ocrx_word' id='word_1_284' title='bbox 954 3797 1073 3858; x_wconf 89' lang='lat' dir='ltr'><strong>quoque</strong></span> <span class='ocrx_word' id='word_1_285' title='bbox 1096 3778 1177 3851; x_wconf 85' lang='lat' dir='ltr'><strong>fallit,</strong></span> 
     </span>
     <span class='ocr_line' id='line_1_34' title="bbox 221 3873 1117 3952; baseline 0.003 -18"><span class='ocrx_word' id='word_1_286' title='bbox 221 3946 224 3952; x_wconf 87' lang='lat'><em>.</em></span> <span class='ocrx_word' id='word_1_287' title='bbox 341 3873 427 3936; x_wconf 88' lang='lat' dir='ltr'><strong>Elato</strong></span> <span class='ocrx_word' id='word_1_288' title='bbox 450 3874 561 3936; x_wconf 90' lang='lat' dir='ltr'><strong>calamo</strong></span> <span class='ocrx_word' id='word_1_289' title='bbox 584 3893 652 3937; x_wconf 90' lang='lat' dir='ltr'><strong>cum</strong></span> <span class='ocrx_word' id='word_1_290' title='bbox 676 3875 796 3938; x_wconf 88' lang='lat' dir='ltr'><strong>demum</strong></span> <span class='ocrx_word' id='word_1_291' title='bbox 820 3894 954 3938; x_wconf 89' lang='lat' dir='ltr'><strong>emersus</strong></span> <span class='ocrx_word' id='word_1_292' title='bbox 976 3876 1009 3937; x_wconf 90' lang='lat' dir='ltr'><strong>in</strong></span> <span class='ocrx_word' id='word_1_293' title='bbox 1031 3895 1117 3938; x_wconf 91' lang='lat' dir='ltr'><strong>auras</strong></span> 
     </span>
     <span class='ocr_line' id='line_1_35' title="bbox 342 3972 1148 4055; baseline 0.004 -23"><span class='ocrx_word' id='word_1_294' title='bbox 342 3972 465 4035; x_wconf 89' lang='lat' dir='ltr'><strong>Brachia</strong></span> <span class='ocrx_word' id='word_1_295' title='bbox 488 3973 618 4034; x_wconf 88' lang='lat' dir='ltr'><strong>dissolvit</strong></span> <span class='ocrx_word' id='word_1_296' title='bbox 639 3973 870 4054; x_wconf 89' lang='lat' dir='ltr'><strong>populatumque</strong></span> <span class='ocrx_word' id='word_1_297' title='bbox 893 3974 993 4055; x_wconf 82' lang='lat' dir='ltr'><strong>expuit</strong></span> <span class='ocrx_word' id='word_1_298' title='bbox 1015 3974 1148 4038; x_wconf 88' lang='lat' dir='ltr'><strong>hamum.</strong></span> 
     </span>
    </p>
   </div>
   <div class='ocr_carea' id='block_1_9' title="bbox 241 4120 1391 4497">
    <p class='ocr_par' dir='ltr' id='par_1_10' title="bbox 241 4120 1391 4300">
     <span class='ocr_line' id='line_1_36' title="bbox 243 4120 1391 4201; baseline 0 -17"><span class='ocrx_word' id='word_1_299' title='bbox 243 4123 307 4184; x_wconf 89' lang='lat' dir='ltr'><strong>lloo</strong></span> <span class='ocrx_word' id='word_1_300' title='bbox 325 4121 445 4183; x_wconf 88' lang='lat' dir='ltr'><strong>Ovidius</strong></span> <span class='ocrx_word' id='word_1_301' title='bbox 471 4121 552 4183; x_wconf 91' lang='lat' dir='ltr'><strong>solus</strong></span> <span class='ocrx_word' id='word_1_302' title='bbox 578 4141 614 4183; x_wconf 83' lang='lat' dir='ltr'><strong>ex</strong></span> <span class='ocrx_word' id='word_1_303' title='bbox 640 4121 790 4183; x_wconf 90' lang='lat' dir='ltr'><strong>communi</strong></span> <span class='ocrx_word' id='word_1_304' title='bbox 811 4130 931 4184; x_wconf 88' lang='lat' dir='ltr'><strong>auctore</strong></span> <span class='ocrx_word' id='word_1_305' title='bbox 954 4120 1119 4201; x_wconf 87' lang='lat' dir='ltr'><strong>descripsit,</strong></span> <span class='ocrx_word' id='word_1_306' title='bbox 1146 4121 1313 4184; x_wconf 89' lang='lat' dir='ltr'><strong>describere</strong></span> <span class='ocrx_word' id='word_1_307' title='bbox 1334 4141 1391 4184; x_wconf 89' lang='lat' dir='ltr'><strong>nec</strong></span> 
     </span>
     <span class='ocr_line' id='line_1_37' title="bbox 241 4216 816 4300; baseline 0.002 -20"><span class='ocrx_word' id='word_1_308' title='bbox 241 4220 399 4282; x_wconf 88' lang='lat' dir='ltr'><strong>Plutarcho</strong></span> <span class='ocrx_word' id='word_1_309' title='bbox 422 4237 520 4300; x_wconf 86' lang='lat' dir='ltr'><strong>neque</strong></span> <span class='ocrx_word' id='word_1_310' title='bbox 543 4219 676 4300; x_wconf 86' lang='lat' dir='ltr'><strong>Oppiano</strong></span> <span class='ocrx_word' id='word_1_311' title='bbox 698 4216 816 4300; x_wconf 88' lang='lat' dir='ltr'><strong>placuit.</strong></span> 
     </span>
    </p>

    <p class='ocr_par' dir='ltr' id='par_1_11' title="bbox 243 4317 1388 4497">
     <span class='ocr_line' id='line_1_38' title="bbox 279 4317 1388 4397; baseline 0.003 -18"><span class='ocrx_word' id='word_1_312' title='bbox 279 4391 281 4396; x_wconf 21' lang='lat'><strong><em>¹</em></strong></span> <span class='ocrx_word' id='word_1_313' title='bbox 328 4319 411 4380; x_wconf 89' lang='lat' dir='ltr'><strong>Haud</strong></span> <span class='ocrx_word' id='word_1_314' title='bbox 433 4318 519 4380; x_wconf 88' lang='lat' dir='ltr'><strong>ahter</strong></span> <span class='ocrx_word' id='word_1_315' title='bbox 541 4319 577 4379; x_wconf 90' lang='lat' dir='ltr'><strong>de</strong></span> <span class='ocrx_word' id='word_1_316' title='bbox 598 4336 723 4381; x_wconf 90' lang='lat' dir='ltr'><strong>murena</strong></span> <span class='ocrx_word' id='word_1_317' title='bbox 738 4337 798 4382; x_wconf 90' lang='lat' dir='ltr'><strong>una</strong></span> <span class='ocrx_word' id='word_1_318' title='bbox 815 4317 950 4397; x_wconf 85' lang='lat' dir='ltr'><strong>Oppiano</strong></span> <span class='ocrx_word' id='word_1_319' title='bbox 972 4318 1194 4380; x_wconf 89' lang='lat' dir='ltr'><strong>narratiuncula</strong></span> <span class='ocrx_word' id='word_1_320' title='bbox 1215 4318 1388 4382; x_wconf 80' lang='lat' dir='ltr'><strong>satisfacere</strong></span> 
     </span>
     <span class='ocr_line' id='line_1_39' title="bbox 243 4415 1285 4497; baseline 0.002 -21"><span class='ocrx_word' id='word_1_321' title='bbox 243 4415 398 4479; x_wconf 89' lang='lat' dir='ltr'><strong>videbatur</strong></span> <span class='ocrx_word' id='word_1_322' title='bbox 413 4416 571 4497; x_wconf 88' lang='lat' dir='ltr'><strong>emisitque</strong></span> <span class='ocrx_word' id='word_1_323' title='bbox 588 4418 664 4479; x_wconf 90' lang='lat' dir='ltr'><strong>hanc</strong></span> <span class='ocrx_word' id='word_1_324' title='bbox 679 4436 768 4497; x_wconf 90' lang='lat' dir='ltr'><strong>quam</strong></span> <span class='ocrx_word' id='word_1_325' title='bbox 783 4417 874 4480; x_wconf 89' lang='lat' dir='ltr'><strong>latine</strong></span> <span class='ocrx_word' id='word_1_326' title='bbox 888 4416 1030 4496; x_wconf 85' lang='lat' dir='ltr'><strong>scriptam</strong></span> <span class='ocrx_word' id='word_1_327' title='bbox 1046 4415 1169 4494; x_wconf 82' lang='lat' dir='ltr'><strong>legimus</strong></span> <span class='ocrx_word' id='word_1_328' title='bbox 1185 4436 1212 4478; x_wconf 87' lang='lat' dir='ltr'><strong>v.</strong></span> <span class='ocrx_word' id='word_1_329' title='bbox 1228 4416 1285 4478; x_wconf 83' lang='lat'><strong>43:</strong></span> 
     </span>
    </p>
   </div>
   <div class='ocr_carea' id='block_1_10' title="bbox 0 0 1456 5040">
    <p class='ocr_par' dir='ltr' id='par_1_12' title="bbox 0 0 1456 5040">
     <span class='ocr_line' id='line_1_40' title="bbox 0 0 1456 5040; baseline 0 0"><span class='ocrx_word' id='word_1_330' title='bbox 0 0 1456 5040; x_wconf 95' lang='lat' dir='ltr'><strong> </strong></span> 
     </span>
    </p>
   </div>
  </div>
 </body>
</html>
