2902 5040
587 328 808 391 ..97-

120 502 181 565 nisi
198 522 264 566 esca
279 505 387 585 cuique
401 505 498 566 anima
514 522 569 585 pro
585 505 644 566 sale
659 514 703 566 est
719 523 757 566 ne
773 515 932 586 putrescat.
964 508 1063 569 Scitur
1077 516 1176 570 tamen
1192 518 1269 572 teste

120 603 276 665 Clemente
298 604 379 665 Alex.
402 604 511 665 Strom.
527 603 576 664 Vll
591 622 619 683 p.
637 604 698 664 304
723 603 802 684 Sylb.
825 606 968 667 humilem
992 607 1068 668 hanc
1093 608 1267 687 sapientiam

120 719 185 764 non
208 701 363 783 Chrysippi
391 702 483 764 luisse
511 703 563 763 sed
587 702 738 764 Cleanthis
761 703 877 784 potius3
910 704 1010 784 itaque
1043 713 1073 766 et
1101 706 1204 768 Cicero
1239 715 1269 769 et

120 801 169 862 alii
191 801 282 862 huius
304 802 459 882 proprium
482 820 497 862 a
521 801 684 882 Chrysippo
706 802 897 883 accipiebant.
943 804 1078 865 Eundem
1108 805 1268 886 ipsumque

121 900 272 962 Zenonem
307 901 358 963 ubi
391 901 492 962 Cicero
526 900 630 973 adfert,
665 902 777 963 adlatos
811 903 904 964 luisse
937 921 952 964 a
982 903 1143 984 Chrysippo
1177 905 1267 967 dices.

120 999 248 1061 Prorsus
271 1000 373 1062 eadem
402 999 517 1062 ratione
541 999 697 1061 Cleanthes
720 1001 881 1062 advocatur
903 1021 918 1062 a
941 1002 1099 1063 Plutarcho
1121 1021 1149 1082 p.
1167 999 1269 1063 967E

120 1099 172 1159 uhi
206 1100 243 1160 de
276 1097 407 1161 formicis
441 1118 489 1160 res
523 1107 569 1159 est
601 1117 675 1179 quas
704 1100 793 1162 simul
821 1118 889 1162 cum
914 1100 982 1181 pina
1006 1102 1107 1164 Cicero
1131 1102 1269 1181 adposuit

119 1198 163 1258 lle
186 1198 237 1258 lin.
254 1198 368 1273 111633
391 1198 462 1260 hinc
484 1198 592 1259 scilicet
616 1217 676 1260 uon
699 1205 798 1279 potest
827 1200 884 1262 nisi
907 1202 1093 1263 corroborari
1116 1201 1152 1262 de
1176 1201 1269 1282 Chry-

119 1297 207 1376 sippo
240 1296 329 1358 etiam
361 1297 527 1358 Plutarchei
560 1296 627 1358 libri
655 1300 736 1359 tonte
766 1299 947 1360 coniectura.
993 1299 1051 1361 Sed
1081 1300 1170 1361 etiarn
1194 1319 1268 1381 quae

118 1397 185 1457 loco
202 1395 242 1457 illi
264 1397 314 1476 qui
337 1396 372 1457 de
395 1414 448 1458 sue
471 1403 516 1457 est
538 1397 718 1458 antecedunt
751 1397 899 1459 bestias
928 1398 1118 1460 hominum
1149 1400 1268 1477 gratia

118 1502 321 1573 generatas
344 1513 429 1557 esse
452 1495 627 1558 declarantia
644 1495 842 1577 Chrysippeae
858 1497 1010 1559 doctrinae
1032 1497 1183 1558 simillima
1198 1505 1269 1560 sunt

118 1611 195 1673 quae
210 1611 318 1655 canem
342 1595 466 1656 venandi
488 1612 575 1655 causa
598 1594 687 1674 gigni,
709 1615 820 1675 equum
844 1596 998 1681 equitandi
1025 1595 1059 1658 in'
1080 1596 1156 1657 bello
1179 1597 1265 1658 simi-

119 1693 218 1772 liaque
251 1693 376 1756 docebat
404 1694 558 1772 (Porphyr.
582 1693 619 1753 de
641 1694 748 1755 abstin.
765 1695 803 1754 lll
819 1693 882 1770 20),
914 1695 1005 1773 gallos
1028 1695 1201 1774 gallinaceos
1224 1696 1266 1756 si-

120 1793 245 1853 mulet
278 1793 397 1854 cimices
430 1801 465 1860 ut
496 1809 535 1852 ne
563 1791 674 1853 diutius
703 1793 782 1855 iusto
809 1793 901 1853 homo
925 1792 1071 1853 dormiret
1093 1793 1181 1865 (Plut.
1205 1793 1267 1854 Sto.

120 1910 183 1972 rep.
199 1909 228 1972 p.
249 1893 328 1952 1044
344 1892 378 1967 n,
401 1911 429 1971 p.
449 1890 530 1951 1049
542 1891 592 1969 Α).
638 1893 716 1964 Quin
750 1894 838 1953 etiarn
873 1892 953 1971 quod
989 1899 1086 1952 totum
1120 1892 1266 1953 mundum

121 1992 224 2052 Cicero
246 1992 279 2052 in
302 1992 400 2064 §154
423 2008 612 2052 communem
636 1991 759 2052 deorum
784 1999 872 2069 atque
897 1990 1052 2051 hominum
1077 1990 1199 2051 domum
1222 1997 1267 2051 at-

120 2109 180 2170 que
201 2089 305 2151 urbem
329 2109 393 2151 esse
416 2089 525 2162 scribit,
554 2089 712 2169 scripserat
735 2089 814 2150 idem
831 2089 1022 2169 Chrysippus,
1046 2093 1083 2149 cl.
1101 2089 1267 2150 Philodemi
1363 2078 1365 2083 ’

119 2187 199 2271 περὶ
224 2185 328 2269 edocti.
346 2209 374 2270 p.
391 2187 427 2249 81
448 2190 492 2251 ed.
511 2190 632 2267 Gomp:
655 2187 713 2251 τὸν
728 2185 853 2270 κόσμον
870 2234 877 2247 .
894 2233 902 2248 .
919 2233 926 2248 .
944 2175 1268 2271 σνμπολιτεαόμεναν

99 2291 220 2367 ἱθεαῖς
242 2287 298 2349 καὶ
321 2284 526 2369 ἀνθρώποις.

208 2389 311 2468 ltaque
334 2407 395 2450 non
418 2408 536 2469 parram
560 2409 660 2452 rerum
683 2388 860 2468 farraginem
885 2387 1017 2449 attulisse
1034 2387 1166 2449 Stoicam
1184 2407 1268 2450 sum-

120 2505 205 2549 mum
238 2487 319 2549 rides
353 2507 410 2567 qua
443 2490 548 2569 placita
582 2508 635 2550 sua
669 2489 706 2548 de
736 2488 864 2548 sollertia
899 2487 1068 2549 animalium
1106 2487 1269 2548 illustraret

119 2587 362 2668 immensumque
383 2589 467 2649 illu'm
491 2589 653 2670 compleret
681 2587 865 2648 voluminum
893 2605 1053 2648 numerum
1077 2606 1137 2666 qrro
1163 2605 1267 2648 omnes

118 2686 183 2748 lere
206 2680 349 2747 vincebat.
393 2687 519 2749 Extendi
542 2708 557 2750 a
581 2685 665 2748 nobis
700 2704 772 2747 sane
806 2685 843 2746 de
877 2685 1053 2746 animalibus
1087 2686 1267 2766 comparatio

120 2785 216 2864 possit
231 2793 265 2848 ut
279 2787 363 2866 plura
377 2786 464 2848 etiam
480 2787 520 2848 illi
536 2786 748 2858 retribuantur,
765 2784 852 2846 sicuti
868 2785 1020 2847 rettulisse
1036 2804 1103 2845 eum
1121 2785 1157 2845 de
1173 2785 1268 2865 vulpis

120 2884 211 2963 piscis
233 2885 339 2946 astutia
362 2886 462 2947 credas
486 2887 551 2947 coll.
570 2887 647 2948 Plut.
671 2905 700 2966 p.
718 2883 818 2944 977ss
842 2902 909 2945 cum
932 2883 1053 2944 heliano
1069 2883 1108 2944 lX
1127 2881 1176 2955 12,
1200 2901 1267 2943 cunr

121 2981 275 3064 Oppianus
298 3002 422 3063 prorsus
446 2985 578 3046 diversae
601 2982 698 3045 fraudi
723 2982 866 3044 amiarum
885 2982 1016 3062 vulpium
1039 2999 1151 3042 nomen
1167 2998 1267 3058 errore

119 3081 165 3143 rel
187 3081 371 3161 neglegentia
388 3082 547 3162 subiungat
562 3083 601 3143 lll
619 3082 693 3154 1443
715 3083 787 3143 item
811 3092 879 3161 puta
904 3081 938 3141 de
961 3081 1042 3160 pisce
1065 3080 1115 3159 qui
1139 3070 1269 3162 ἡγεμών

119 3181 277 3242 uocabatur
300 3181 364 3242 coll.
383 3182 461 3243 Plut.
483 3202 512 3262 p.
530 3181 629 3244 980E
653 3199 720 3242 cunr
737 3179 872 3260 Oppiano
888 3180 909 3236 V
928 3178 966 3238 67
983 3198 1063 3259 sque
1086 3195 1267 3257 quamquam

119 3278 200 3340 enirn
218 3279 370 3360 Oppianus
393 3281 545 3342 verbosius
568 3298 631 3341 rem
655 3278 806 3351 instruxit,
830 3290 930 3340 tamen
953 3296 1014 3338 non
1036 3295 1105 3339 casu
1127 3275 1268 3338 llosculus

118 3368 168 3439 hic
190 3378 338 3439 sermonis
361 3380 439 3458 apud
461 3387 624 3458 utrumque
652 3378 830 3456 sublegitur:
866 3379 982 3438 ἕπεται
1015 3373 1077 3457 γὰρ
1111 3368 1200 3457 αὐτῷ
1230 3372 1267 3435 τὸ

119 3476 217 3558 κῆτος
253 3472 383 3560 ὥσπερ
421 3479 532 3539 οἴακι
568 3477 667 3549 ναῦς
700 3477 743 3536 rel
777 3470 877 3564 δάκος
910 3470 1015 3556 ἅλμης
1049 3471 1146 3552 ἰχθὺς
1179 3467 1268 3554 ἠΰτε
1318 3527 1321 3533 .

118 3573 191 3656 νῆα
214 3575 348 3656 νέμων
370 3577 483 3659 οἵηκι
505 3573 639 3659 χαλινῷ.
678 3575 757 3634 Rene
779 3574 869 3634 etiam
892 3574 959 3634 talia
982 3574 1060 3653 apud
1076 3573 1267 3633 Plutarchum

118 3669 293 3754 proprietati
316 3673 472 3754 Chrysippi
500 3673 658 3735 convenire
680 3673 797 3752 putabis
825 3671 906 3733 velut
933 3672 1011 3750 quod
1041 3671 1121 3731 verbi
1144 3668 1267 3751 ἔλαφος

119 3775 208 3836 etiam
232 3772 407 3852 etymologia
431 3773 512 3834 adest
535 3792 563 3852 p.
585 3771 647 3831 976
670 3771 710 3844 ὓς
738 3770 783 3831 rel
813 3770 892 3849 quod
922 3769 1009 3830 modo
1032 3769 1154 3830 Homeri
1178 3770 1267 3830 modo

118 3872 239 3934 Pindari
262 3891 296 3934 ac
310 3870 490 3951 Theognidis
513 3873 602 3933 modo
626 3871 705 3932 Arati
728 3874 769 3950 (p.
791 3869 852 3930 967
875 3869 911 3943 Ε)
941 3874 1094 3947 poetarum
1124 3867 1200 3929 dicta
1223 3868 1266 3928 rei

118 3972 286 4053 propositae
310 3972 502 4051 adaptantur:
526 3971 575 4032 hic
596 3978 642 4031 est
664 3970 744 4030 enim
768 3969 815 4029 ille
832 3969 882 4048 qui
904 3967 992 4029 etiam
1013 3986 1099 4029 suam
1121 3967 1190 4028 fecit
1205 3966 1268 4026 Me-

119 4071 205 4132 deam
228 4070 386 4151 Euripidis.
432 4068 509 4142 Quid
527 4063 628 4148 'igitur
656 4069 680 4152 si
703 4067 805 4128 Cicero
833 4073 867 4127 ut
895 4066 925 4126 in
947 4065 1023 4126 libro
1046 4083 1135 4145 quem
1158 4070 1266 4126 tracta-

119 4170 217 4231 vimus
240 4169 344 4230 Aratea
369 4187 421 4229 sua
445 4166 624 4229 adscriberet
647 4167 682 4227 ab
705 4166 769 4245 ipso
793 4165 931 4226 invitatus
955 4165 1116 4243 Chrysippo
1138 4161 1216 4224 fuit?

205 4269 301 4348 Atque
329 4268 388 4328 iam
409 4276 528 4347 tempus
557 4274 602 4327 est
628 4274 662 4326 ut
693 4265 782 4326 etiam
805 4265 841 4325 de
864 4263 1031 4325 Plutarchei
1053 4262 1120 4322 libri
1142 4274 1265 4342 compo—

119 4367 229 4430 sitione
245 4385 336 4445 pauca
353 4367 564 4427 subnotentur.
603 4362 763 4424 Exordium
786 4363 854 4424 inde
870 4363 945 4441 petit
960 4361 1087 4439 scriptor
1106 4370 1139 4422 ut
1162 4367 1267 4422 contra

119 4469 200 4548 ipsos
229 4474 261 4527 ut
288 4467 363 4526 solet
391 4475 503 4544 pugnet
526 4463 648 4526 Stoicos.
698 4462 791 4523 Stoici
819 4461 948 4542 expertia
975 4460 1098 4522 rationis
1128 4460 1266 4523 animalia

171 4564 262 4618 Birt,
284 4562 313 4608 de
326 4564 469 4608 halieutieis.
1090 4565 1105 4618 Ἰ
