2902 5040
349 298 371 338 ⁴
539 301 784 366 -149-

87 486 233 560 praetor
266 480 406 542 vitulos
443 488 479 541 et
514 498 645 560 parvos
673 473 837 540 ἐλάττω·
859 475 930 549 ἔξω
946 474 1232 560 γὰρδελφῒνος

87 577 295 658 delphinos.
338 577 448 657 (Atque
481 577 513 638 in
535 578 583 640 his
614 578 646 639 ni
674 575 967 660 καλφωκαλνης
990 569 1102 641 οὐδέν
1123 574 1234 640 ἐστιν

87 675 202 757 egregie
224 693 312 739 aures
333 696 381 739 me
396 676 502 738 fallunt
525 677 646 758 proprio
674 672 714 739 ἐν
728 675 780 759 τῷ
794 669 955 761 Πόντῳ·
975 672 1041 737 καὶ
1057 667 1075 738 ὅ
1091 669 1233 758 δελφὶς

87 793 175 837 sensu
199 783 279 837 earet
304 774 353 837 sed
377 774 535 854 particula;
568 776 645 839 scri·
674 771 825 856 μικρός.

86 874 217 938 bendum
234 875 339 936 saltem
353 874 425 936 tuit:
449 875 520 947 „sed
536 876 645 938 male·

85 973 155 1038 lioa
192 973 321 1054 piscibus
358 972 452 1036 bestia
489 973 569 1035 nulla
612 974 645 1036 in

85 1072 213 1134 Pontum
247 1071 358 1133 intrat“
390 1079 478 1152 atque
515 1071 554 1133 ita
583 1072 646 1134 lere

85 1171 217 1251 Trogum
233 1158 387 1252 scripsisse
403 1172 543 1232 oredo-
557 1174 645 1233 modo

84 1268 156 1350 qaid
189 1269 269 1332 oredi
291 1269 322 1330 in
348 1276 430 1332 tanta
456 1269 499 1331 rei
525 1269 643 1332 subtili-

84 1367 347 1452 tatetoonoedatur
369 1400 420 1440 -—‚
442 1369 643 1432 inversionem

82 1474 182 1531 autem
196 1467 268 1537 satis
284 1466 415 1549 ineptam
440 1466 606 1530 institutam
629 1487 645 1530 a

83 1565 178 1628 Plinio
202 1583 267 1627 esse
289 1571 322 1626 ut
343 1565 542 1647 Hispaniae
564 1566 645 1630 Pon-

81 1671 129 1728 tus
152 1663 374 1745 opponeretur).

82 1802 224 1882 Thynoi
260 1802 411 1864 dextera
454 1803 534 1883 ripa
578 1805 876 1887 in-p.5981319:
915 1805 1156 1881 ελςπλέουσι
1194 1801 1227 1869 δ’

81 1908 199 1974 tram,
245 1909 381 1962 exeunt
423 1901 536 1964 laeva.
602 1905 639 1966 ld
668 1899 1227 1984 ολθόυυοιέπὶδεξιὰέχό-

81 1999 248 2062 accidere
282 1999 520 2062 existimator
556 2003 638 2082 quia
667 2025 784 2086 μενοι
806 2002 980 2086 ιῆςγῆς,
1008 1999 1227 2065 ἐκπλέουσι

81 2097 215 2159 dextro
239 2099 344 2160 oculo
367 2099 446 2177 plus
469 2110 637 2171 cernant,
667 2096 719 2165 δ’,
746 2097 809 2164 ἐπ’
851 2097 1057 2183 ἀριστερά.
1102 2099 1225 2163 τοῦτο

81 2204 209 2278 utroque
232 2204 360 2260 natura
382 2196 515 2259 hebeti.
667 2199 711 2262 δέ
737 2201 838 2283 φασί
863 2220 973 2272 τινες
992 2207 1133 2261 ποιεῖν
1163 2192 1226 2261 ὅτι

118 2306 121 2313 ’
666 2298 717 2382 τῷ
732 2294 851 2381 δεξιῷ
872 2291 1064 2380 ὀξύτεροι
1080 2291 1225 2379 ὁρῶσι,

666 2393 786 2480 φύσει
814 2391 883 2459 οὐκ
910 2386 1224 2477 ὅξύβλέπονιες.

666 2495 744 2559 Satis
759 2495 835 2557 mire
850 2494 923 2559 haee
937 2495 1043 2557 ultima
1058 2493 1225 2556 adiciuntur

665 2591 851 2675 libenterque
908 2593 1066 2656 restitues:
1122 2588 1222 2675 φύσει

666 2685 824 2775 οὐδετέρῳ
852 2685 909 2763 ὀξὺ
930 2687 1118 2773 βλέποντες.
1162 2691 1222 2752 He·

121 2790 182 2851 larn
199 2796 267 2869 post
283 2788 531 2850 narratiunculam
552 2789 588 2850 de
604 2806 636 2850 re
664 2789 807 2852 betiorenr
826 2790 940 2854 laevum
963 2808 1029 2855 esse
1047 2788 1220 2863 Aristoteles

78 2889 129 2951 tali
154 2887 248 2968 qualis
268 2887 328 2948 fere
351 2887 427 2966 apud
444 2887 549 2948 Athen.
566 2887 634 2948 illu·
664 2888 742 2969 apud
772 2887 880 2950 Athen.
906 2888 994 2952 (locet
1023 2906 1053 2968 p.
1069 2887 1165 2949 3030
1191 2897 1223 2949 et

77 2996 188 3050 stratur
236 2985 417 3065 Hegesandri
468 2987 635 3064 fragmento
664 2985 723 3048 301
738 2986 770 3048 E.

78 3105 107 3166 p.
123 3085 265 3166 satusq.
291 3083 436 3164 pergitur:

79 3222 334 3304 opperiuntur
370 3229 488 3282 autern
526 3221 632 3301 aqui·
660 3241 689 3302 p.
706 3219 848 3285 598B8:
870 3216 984 3303 ὄιν-μὲν
1004 3213 1220 3295 οὖυυόιιοςό

73 3322 174 3383 lonis
211 3321 358 3389 flatum,
395 3328 433 3381 ut
469 3321 632 3382 seeundo
659 3319 782 3403 χειμών
826 3313 862 3408 ᾗ,
910 3315 1111 3402 βραδύτερον
1154 3311 1219 3381 ἐκ·

77 3419 194 3483 lluctu
218 3426 345 3480 exeant
366 3439 382 3480 e
404 3419 533 3480 Ponto.
660 3417 877 3493 πλέουσιν,
905 3413 953 3480 ἂν
976 3414 1019 3479 δὲ
1034 3412 1217 3499 βόρειος,

659 3516 813 3579 θᾶττον
841 3513 909 3578 διὰ
937 3513 982 3577 τὸ
1018 3513 1058 3579 τὸ
1087 3515 1218 3598 πνεῦμα

660 3610 988 3699 συνεπουρλζειυ.
1045 3615 1108 3677 Ηοο
1152 3615 1217 3678 Ιοοο

660 3715 826 3778 Aristotelis
862 3714 950 3777 verba
980 3716 1057 3797 apud
1087 3715 1215 3778 Plinium

659 3814 860 3878 emendatiora
872 3815 1016 3877 asservari
1028 3822 1058 3878 et
1070 3815 1215 3895 scriptum

657 3913 766 3975 fuisse:
793 3911 853 3975 διὰ
878 3911 915 3975 οὐ
941 3911 979 3975 τὸ
1002 3910 1106 3996 ῥεῦμα
1121 3928 1215 3975 συνε-

659 4008 830 4093 πουρλζειν
859 4013 906 4087 (cf.
930 4010 1085 4075 Strabonis
1107 4030 1136 4091 p.
1156 4008 1215 4070 143

658 4112 722 4174 init.
735 4106 966 4195 ἐπουρίζοντος
982 4109 1039 4172 τοῦ
1051 4105 1216 4186 πελάγιος

659 4207 815 4294 καθάπερ
837 4209 895 4273 τοῦ
910 4209 1078 4290 ποταμίου
1093 4200 1214 4291 ῥεύμα-

658 4314 724 4389 τος)
741 4318 770 4372 at
785 4309 918 4371 oculatus
934 4315 964 4370 et
976 4325 1083 4371 oaeous
1093 4306 1213 4368 videbit.

74 4430 147 4492 Neo
168 4430 243 4495 nisi
265 4430 458 4492 intrantes
480 4436 630 4510 portam
658 4424 727 4489 καὶ
754 4418 771 4489 o‘
799 4423 920 4504 γόνος
946 4421 983 4486 δὲ
1008 4419 1214 4507 τότιμικρὸς
