2902 5040
577 287 822 352 -105-

125 468 232 531 decimi
255 485 318 529 non
342 466 475 528 cernitur
496 465 553 526 nisi
577 471 665 545 caput
688 464 749 535 Siai,
773 482 874 527 versus
898 474 997 526 atatem
1021 463 1118 543 quinti
1141 471 1170 525 et
1193 463 1271 524 vice-

124 568 194 630 simi
216 586 279 629 non
301 565 359 627 nisi
374 566 504 627 clausula
527 569 558 626 ln
584 583 683 633 noros,
707 565 776 625 inde
792 565 982 645 archetypum
1001 564 1071 625 olim
1087 562 1271 625 continuisse

125 669 157 729 in
178 666 287 748 pagella
310 683 371 727 una
387 683 503 745 quaque
526 683 628 726 versus
649 665 710 725 fere
726 663 896 742 quindecim
920 664 1022 725 eadem
1045 663 1271 724 ratiocinatione

125 766 259 845 colligas3
287 783 441 827 sumamus
463 782 604 826 versuum
628 765 787 825 lluctuasse
815 764 893 824 inter
918 764 1072 823 111115
1097 779 1272 834 numerum

125 883 280 929 sumamus
302 865 373 926 item
398 865 477 944 quod
500 864 561 925 veri
587 863 772 924 simillimum
806 868 849 922 est
884 861 1037 923 mutilatas
1069 861 1136 922 illos
1169 877 1271 921 versus

125 965 276 1025 decimum
299 970 330 1023 et
351 962 522 1023 vicesimum
545 962 684 1040 quintum
700 961 828 1040 pagellae
843 960 955 1040 primae
978 959 1157 1038 alteriusque
1180 958 1270 1021 fnisse

127 1061 249 1125 ultimos
285 1068 314 1122 et
341 1061 376 1122 ad
400 1061 563 1140 marginem
597 1061 768 1122 inferiorern
803 1060 973 1140 proximos;
1007 1059 1111 1121 tertiae
1142 1058 1272 1139 pagellae

125 1162 249 1223 ultimus
279 1159 382 1222 evadet
405 1181 431 1221 v.
455 1159 505 1233 39,
537 1167 659 1238 quartae
682 1180 709 1219 v.
730 1158 780 1230 54,
804 1159 924 1240 quintae
948 1179 975 1219 v.
998 1158 1037 1220 67
1062 1157 1272 1237 (repetebatur

126 1261 204 1322 enim
228 1279 255 1320 v.
276 1258 317 1319 52
345 1267 413 1338 post
435 1278 459 1318 v.
482 1257 545 1336 04),
573 1259 702 1337 denique
727 1278 752 1318 v.
772 1257 809 1319 81
839 1264 937 1319 sextae
963 1256 1177 1336 prohabimus,
1205 1264 1273 1336 post

125 1378 217 1439 quem
239 1357 387 1421 interiissc
410 1373 504 1418 unum
527 1375 647 1417 versum
671 1356 784 1434 (sextae
806 1374 875 1418 enm
897 1356 1027 1435 pagellae
1049 1354 1200 1430 ultimum)
1223 1355 1272 1416 in-

126 1458 276 1520 tellectum
292 1465 346 1519 est.
383 1457 444 1518 larn
468 1475 537 1517 vero
560 1458 648 1517 etiarn
666 1462 733 1536 post
749 1477 774 1517 v.
791 1453 832 1516 90
849 1456 1019 1518 hexameter
1040 1454 1156 1516 interiit
1179 1472 1272 1528 unus3

125 1558 225 1638 itaque
248 1556 337 1619 etiam
361 1573 464 1617 versus
488 1555 528 1615 00
552 1555 678 1634 pagellae
701 1555 843 1635 septimae
871 1555 909 1616 sit
931 1554 1141 1634 paenultimus.
1186 1554 1272 1616 Vides

57 1709 60 1715 .
126 1656 270 1736 septimae
302 1655 351 1716 isti
384 1671 444 1715 non
478 1654 645 1733 quindecim
680 1663 752 1735 quot
780 1663 918 1734 parerat
948 1662 1042 1715 metra
1077 1652 1198 1715 concedi
1221 1652 1271 1714 sed

126 1772 234 1815 norem
255 1760 388 1828 tantum3
410 1752 510 1833 itaque
525 1753 580 1814 hac
601 1755 645 1815 via
668 1763 776 1834 postv.
795 1753 835 1816 86
851 1754 1049 1834 autquinque
1073 1761 1125 1816 aut
1146 1772 1199 1814 sex
1220 1752 1273 1812 ab·

126 1860 228 1933 sorpta
254 1861 349 1915 metra
378 1852 639 1932 deprehendimus.
684 1853 713 1914 Si
740 1853 938 1932 perscriptum
964 1870 1069 1931 poema
1096 1852 1128 1913 in
1159 1850 1272 1928 singula

124 1952 229 2032 pagina
263 1951 410 2014 columnis
441 1950 519 2012 binis
552 1952 658 2023 inerat,
694 1970 778 2014 versu
805 1952 841 2012 10
864 1949 1022 2012 finiebatur
1043 1951 1146 2030 pagina
1168 1947 1294 2029 prima,'

127 2071 154 2112 r.
170 2049 210 2112 39
232 2051 371 2124 secunda,
393 2071 418 2111 v.
436 2050 476 2111 67
498 2051 596 2123 tertia,
619 2051 747 2130 deniqne
769 2050 800 2111 in
823 2057 928 2129 quarta
950 2049 1040 2110 simul
1062 2058 1093 2111 et
1115 2047 1153 2109 81
1179 2056 1209 2109 et
1231 2047 1271 2109 90

126 2148 299 2230 paenultimi
315 2148 495 2228 legebantur,
518 2148 613 2210 ultimi
630 2157 729 2211 autem
746 2149 804 2210 duo
820 2148 909 2210 simul
924 2147 1050 2210 abscissi
1072 2157 1153 2209 sunt.
1191 2148 1272 2220 Quae

127 2248 185 2310 nisi
208 2248 334 2321 celerior
350 2246 499 2308 conclusio
515 2247 631 2309 dicetur
652 2246 763 2322 (hiatus
779 2247 906 2308 duorum
922 2264 1063 2308 versuum
1085 2253 1153 2326 post
1169 2267 1193 2306 v.
1213 2245 1272 2306 127

48 2352 54 2360 “
126 2348 182 2409 hac
204 2345 247 2407 via
271 2362 330 2406 non
354 2346 522 2426 explicatur,
545 2346 594 2408 sed
619 2346 716 2425 potius
740 2346 861 2408 ultimus
878 2346 1015 2407 carminis
1033 2363 1135 2407 versus
1151 2346 1272 2407 ultimae

126 2446 257 2527 pagellae
282 2444 402 2506 ultimus
418 2445 510 2506 fuisse
526 2444 668 2507 dicendus
684 2445 764 2525 erit),
787 2446 865 2506 nacti
888 2445 948 2507 iarn
972 2464 1077 2507 sumus
1100 2453 1167 2524 post
1189 2465 1214 2505 v.
1231 2443 1271 2506 80

127 2544 316 2608 intervallum
339 2545 409 2605 satis
426 2561 567 2624 magnum
584 2564 642 2625 qno
665 2563 741 2624 qnae
764 2545 971 2606 desiderantur
994 2554 1157 2607 memorata
1179 2544 1272 2606 inisse

128 2642 292 2706 credamus.
336 2641 535 2721 Incipiebatnr
558 2643 619 2703 lere
641 2642 697 2703 sic:

229 2760 327 2822 Pisces
352 2759 491 2821 observes
515 2760 586 2842 quid
609 2770 709 2822 ament
732 2780 764 2823 ao
786 2762 863 2823 dona
887 2761 1036 2838 locorum3
1143 2740 1147 2747 ⁸

127 2884 237 2949 deinde
259 2886 358 2948 statim
381 2886 557 2948 addebatur:
651 2960 653 2965 ¹
681 2958 684 2962 ⁴

229 3013 306 3072 Nnnr
330 3030 417 3072 mons
440 3012 597 3074 horrentes
621 3013 758 3075 demittat
781 3013 886 3075 celsior
909 3012 1028 3075 umbras

228 3111 263 3171 ln
286 3128 367 3173 mare
390 3114 470 3185 (narn
495 3111 572 3173 varie
595 3112 740 3190 quaedam
762 3111 940 3191 fugiuntque
964 3112 1158 3193 petuntque);

126 3236 194 3296 talis
228 3235 309 3296 enim
343 3234 529 3315 parenthesis
563 3235 599 3296 de
632 3255 689 3316 qua
724 3235 851 3298 diximus
875 3255 902 3315 p.
921 3235 960 3297 28
983 3237 1050 3298 addi
1072 3255 1133 3297 non
1157 3243 1273 3316 poterat

127 3334 185 3395 nisi
207 3335 237 3395 in
259 3334 395 3412 exemplo
418 3334 559 3414 primore,
581 3334 711 3414 indeque
733 3334 822 3397 etiam
845 3335 977 3396 ordinem
1001 3336 1109 3396 horum
1132 3354 1272 3396 versuum

126 3441 317 3513 praepostere
339 3433 478 3494 traditum
502 3453 565 3495 esse
587 3432 782 3512 intellegitnr3
804 3443 869 3496 tum
891 3435 1093 3513 sequebantur
1106 3435 1272 3515 partitionis

128 3533 262 3594 membra
285 3533 385 3593 nescio
408 3550 467 3611 qno
491 3533 593 3593 ordine
615 3533 677 3594 fere
700 3540 842 3613 quattuor
863 3533 984 3612 reliqua.

214 3631 318 3710 ltaque
342 3629 469 3710 Oppiani
496 3631 564 3691 licet
592 3631 705 3693 auxerit
732 3650 794 3693 rem
818 3640 918 3693 tarnen
941 3631 1098 3693 consilinm
1121 3639 1150 3692 ct
1173 3631 1273 3711 dispo·

127 3729 195 3791 sitio
229 3730 294 3809 ipsa
327 3729 431 3790 similis
465 3729 492 3790 ei
524 3729 579 3792 fuit
606 3749 694 3808 quarn
719 3730 880 3792 Ouidianus
904 3739 993 3809 pocta
1015 3730 1185 3809 assumpsit.
1230 3731 1273 3790 Ne

128 3828 267 3891 urnbram
295 3828 414 3908 quidem
442 3838 575 3890 amantes
602 3829 695 3906 ignoti
719 3828 854 3909 Oppiano
877 3837 948 3890 sunt
971 3848 1150 3910 quamquam
1174 3828 1272 3889 minus

127 3935 288 3990 occurrunt
310 3926 427 4005 inipso
449 3925 617 4009 χωρισμῷ.
662 3927 736 3988 Narn
759 3927 847 3988 1005
871 3927 1004 3989 interea
1027 3946 1104 4006 qnae
1125 3927 1156 3987 in
1176 3927 1273 3988 Ponto

127 4026 255 4087 maxime
276 4026 410 4104 placeant
432 4026 541 4088 adsunt
573 4026 661 4088 etiam
685 4021 783 4106 ἄκραι
811 4027 957 4108 cerepum
986 4026 1052 4090 ideo
1075 4026 1272 4105 hippurornm

127 4126 267 4187 dicontur
289 4121 378 4206 φῦλα
404 4121 566 4204 moldonea
588 4125 719 4198 1V4223
741 4134 830 4205 atque
853 4125 889 4185 de
911 4124 1048 4205 pompilis
1065 4123 1193 4186 1v438:
1216 4121 1272 4184 καὶ

127 4223 189 4307 γὰρ
216 4231 287 4294 τοῖς
313 4225 389 4285 ἴσον
414 4216 491 4305 ἦτορ
508 4221 565 4284 ἐπὶ
582 4231 746 4305 σκιεροῖσι
761 4219 925 4300 radiosum
956 4224 1034 4285 unde
1049 4224 1084 4284 ad
1101 4221 1272 4284 1880011-

127 4322 239 4384 iectura
263 4320 341 4382 Riesi
364 4321 476 4382 frustra
500 4340 567 4383 esse
590 4323 706 4384 dicetur
734 4323 821 4385 haec:
850 4323 929 4385 Num
950 4341 1031 4384 mons
1057 4333 1195 4384 torrentes
1222 4324 1272 4384 dc-

128 4425 224 4484 mittot
240 4421 341 4483 celsior
366 4423 459 4483 undas
486 4420 569 4484 cuius
599 4441 636 4483 ne
659 4439 782 4484 sensum
805 4422 925 4503 quidem
949 4427 1149 4503 opportunum
1175 4423 1272 4498 vide03
