2902 5040
617 290 840 354 ..35-

154 466 227 528 ferri
250 485 311 528 non
334 467 453 547 poterit,
482 484 570 546 quem
600 466 732 529 laborem
764 467 939 547 ampliorem
968 467 1058 529 etiam
1089 487 1179 549 quam
1208 471 1303 532 subti-

155 565 259 627 liorem
293 565 437 628 infectum
472 564 569 627 adhuc
600 566 784 646 reliquimus.
828 565 927 627 Placet
960 575 1038 628 certe
1073 566 1152 646 quod
1186 567 1304 648 scripsit

155 663 276 725 Ovidius
299 682 335 724 cr
359 664 454 726 Ponto
477 665 513 726 lV
529 664 557 737 6,
575 663 632 726 43:
659 669 748 726 uestri
768 683 827 727 non
853 669 1002 726 imnnmor
1023 683 1165 744 unquam·
1189 673 1219 727 at
1242 665 1304 726 dis·

153 762 276 842 plicaret
298 763 323 824 si
338 763 503 843 scripsisset
518 764 614 825 idem:
638 767 752 842 turpior
773 782 832 825 nan
852 764 963 842 femina
986 763 1049 825 ulla
1071 762 1303 837 rm.113,34;

150 860 279 940 paudere
300 866 405 924 nostris
426 881 484 924 non
508 861 651 934 Quiritem
673 861 768 922 ullum
791 860 1016 937 Τ1151.11569;
1044 863 1198 923 sumendae
1219 879 1303 924 raom
1354 888 1373 950 p

152 977 212 1020 non
232 964 329 1039 qratia
350 961 413 1022 ullo
434 971 496 1023 erat
519 962 598 1023 Fast.
614 961 637 1022 V
654 958 730 1032 3443
760 965 930 1022 metuentius
957 979 1017 1022 non
1038 964 1182 1040 inqeninm
1208 960 1304 1023 ullum

153 1057 379 1134 Fasat¹12593
406 1061 481 1121 uidet
508 1079 567 1121 non
590 1078 693 1122 amans
715 1058 794 1120 ullus
817 1059 937 1120 lleroid.
953 1059 991 1119 lv
1010 1060 1081 1120 154.
1125 1059 1210 1132 Quod
1232 1078 1302 1121 vero

153 1156 186 1216 in
209 1156 356 1219 Tristibus
378 1158 485 1236 legitur
507 1159 529 1218 V
549 1156 596 1232 12,
613 1157 668 1218 53:
692 1158 757 1220 Nau
786 1158 858 1220 liber
879 1157 922 1218 iic
952 1157 1046 1229 ullus,
1077 1176 1136 1220 non
1158 1162 1208 1237 qui
1229 1175 1302 1237 eqs,

152 1255 183 1315 id
206 1256 373 1334 anaphoras
394 1256 457 1335 lege
487 1257 620 1318 excusari
654 1257 759 1318 sentio.
803 1257 921 1319 Adnoto
945 1258 1036 1320 etiam
1061 1258 1207 1319 Nasonem
1230 1257 1304 1319 scri·

153 1352 225 1414 bere
248 1354 296 1416 hic
321 1353 381 1416 illic
408 1373 515 1416 ausum
540 1375 604 1417 csse
627 1373 685 1416 non
708 1355 786 1416 ullus
808 1374 861 1435 pro
884 1356 997 1430 nullus,
1024 1375 1083 1418 non
1106 1375 1226 1437 usquam
1248 1375 1302 1437 pro

152 1471 297 1534 nusquam
313 1452 418 1515 similia
435 1454 525 1515 tertio
542 1454 639 1533 aliquo
655 1472 717 1514 nou
736 1453 939 1516 intercedente
954 1455 1095 1517 vocabulo
1121 1463 1208 1536 atque
1224 1455 1302 1517 haud

152 1569 221 1638 raro
239 1560 270 1612 ut
292 1551 362 1615 inde
384 1553 427 1616 vis
444 1572 614 1633 nervosque
630 1553 789 1614 adderetur
808 1555 989 1631 sententiam
1011 1555 1066 1616 hac
1087 1553 1165 1615 enim
1178 1555 1241 1632 lege
1264 1573 1303 1615 ne

153 1650 333 1730 aprosaicis
357 1652 475 1732 quidem
498 1651 528 1712 id
557 1651 687 1713 alienum
723 1661 767 1713 est
800 1652 1005 1731 (attenderunt
1027 1653 1062 1713 ad
1086 1652 1196 1713 tmesin
1219 1653 1304 1733 quusi

154 1749 285 1830 speciem
308 1769 397 1811 unam
418 1751 679 1830 metaplasmorum
703 1751 885 1829 grammatici
909 1752 978 1813 olim
1009 1751 1105 1826 latini,
1134 1751 1200 1812 vide
1225 1753 1304 1814 Con-

152 1847 232 1910 senti
256 1868 283 1928 p.
302 1847 362 1908 390
378 1847 442 1926 ll.);
465 1848 611 1928 imprimis
634 1868 703 1910 vero
728 1851 757 1911 iu
780 1851 898 1912 Metam.
924 1871 948 1911 5.
969 1870 997 1930 g.
1019 1850 1057 1911 111
1078 1849 1149 1910 585.
1173 1851 1208 1911 Vl
1231 1851 1303 1912 553.

152 1946 204 2008 Vll
221 1946 292 2008 558.
317 1945 471 2008 1111218.
495 1946 566 2009 837.
589 1946 638 2009 XV
659 1949 726 2008 157.
772 1949 806 2010 lu
828 1949 893 2028 ipso
916 1957 1016 2011 autem
1039 1949 1101 2010 1151.
1119 1969 1145 2009 v.
1166 1948 1224 2009 130
1246 1969 1302 2031 po-

152 2045 214 2107 tius
237 2055 410 2125 corruptum
432 2045 495 2108 ulla
510 2066 574 2108 esse
597 2046 674 2107 infra
698 2047 894 2128 explicabitur
909 2066 1006 2128 neque
1030 2054 1130 2108 tamen
1155 2055 1187 2108 ut
1210 2047 1301 2110 collo—

154 2144 230 2205 catio
243 2136 430 2206 ‘emendetur
454 2144 623 2207 verborum.

239 2258 351 2320 Rarum
374 2258 482 2339 aliquid
507 2258 550 2319 151
577 2258 714 2337 putidum
745 2258 833 2321 lateat
861 2257 915 2320 sub
945 2256 1113 2338 corruptela
1134 2275 1237 2319 versus
1260 2254 1301 2314 73

151 2375 276 2418 necesse
299 2366 352 2431 est,
375 2356 428 2418 ubi
450 2357 487 2418 de
510 2375 600 2437 equo:

507 2502 678 2576 quantoque
700 2496 781 2556 venit
803 2495 970 2577 spectabilis
993 2503 1062 2556 actu

255 2592 525 2674 Conpiscatque
547 2594 644 2656 solum
668 2613 811 2680 generoso
835 2595 950 2655 concita
973 2594 1063 2673 pulsu

253 2682 367 2772 Ungula
391 2693 446 2755 sub
469 2693 571 2773 spoliis
595 2693 724 2772 graviter
745 2693 898 2755 redeuntis
922 2692 1038 2772 opimis.

154 2835 213 2898 Pro
235 2839 379 2916 conpiscat
401 2854 507 2898 sensus
531 2838 593 2897 lere
616 2848 782 2918 conquassat
805 2838 852 2898 151
881 2837 1027 2897 conculcat
1054 2835 1185 2912 flagitare
1216 2833 1298 2895 vide-

151 2933 239 2996 batur
262 2936 341 3014 quod
370 2936 448 3014 apud
472 2935 608 2996 Ovidium
633 2936 739 2997 dicitur
764 2936 871 3016 pulsat.
910 2934 1025 2996 Riesius
1049 2934 1130 2995 dedit
1152 2936 1299 3013 compescit

154 3043 324 3114 comparato
338 3052 400 3095 uno
414 3034 581 3111 fragmento
597 3034 685 3095 Titini
702 3035 816 3107 comici,
838 3034 889 3096 ubi
905 3033 1160 3113 compescitur
1184 3041 1298 3093 creta.

53 3137 64 3155 ·’
155 3133 278 3205 Qualem
312 3132 462 3193 audaciam
498 3141 533 3194 ut
560 3133 669 3194 Nasoni
689 3153 716 3193 v.
740 3134 768 3195 d.
792 3133 911 3205 tribuit,
945 3133 985 3193 ita
1019 3151 1071 3211 ego
1105 3130 1236 3192 tribuere
1259 3148 1298 3191 ne

152 3231 230 3293 malo
264 3231 385 3310 quidem
418 3231 554 3293 sectatori
584 3231 711 3292 Nasonis
744 3232 849 3293 ausim.
899 3230 1053 3311 compesci
1086 3248 1180 3308 equus
1213 3228 1297 3302 solet,

152 3328 261 3409 quippe
276 3327 399 3390 habenis
414 3347 542 3409 curaque
558 3331 664 3408 equitis
686 3330 810 3405 intenta,
834 3347 1021 3409 compescere
1044 3328 1107 3407 ipse
1122 3326 1297 3388 sabulonem

152 3444 213 3488 uon
237 3434 354 3506 poterat
369 3426 427 3488 nisi
451 3446 521 3488 cura
536 3428 646 3506 pariter
667 3428 781 3491 intenta
805 3448 861 3508 qua
886 3429 988 3490 eadem
1012 3428 1100 3488 etiam
1116 3432 1195 3487 creta
1219 3425 1297 3505 apud

152 3525 309 3588 comicum.
345 3526 485 3599 Quaesita
502 3545 688 3606 quaeramus.
723 3528 784 3589 lam
801 3546 894 3608 equus
917 3528 965 3589 1115
989 3527 1025 3587 de
1049 3545 1109 3606 quo
1125 3525 1221 3603 agitur
1235 3523 1298 3585 115-

151 3625 282 3685 toriosus
301 3623 420 3686 rediens
452 3626 623 3703 graviter
650 3625 762 3686 incedit
789 3627 911 3707 eiusque
935 3624 1048 3686 tollitur
1071 3623 1297 3702 demittiturque

151 3724 261 3802 ungula
284 3725 372 3803 pulsu
400 3742 600 3802 generos03
634 3724 723 3802 igitur
756 3724 880 3786 habenis
914 3724 1007 3786 currit
1038 3721 1162 3783 minime
1194 3719 1297 3781 laxatis

151 3839 250 3900 neque
273 3830 490 3902 conquassante
521 3822 628 3900 ungula
651 3839 749 3901 neque
771 3823 914 3886 violenter
936 3822 1065 3883 tundens
1087 3820 1193 3890 solum,
1228 3837 1296 3886 cum

151 3921 324 3999 praesertim
338 3919 433 3982 leonis
457 3939 581 4002 corpore
598 3922 718 3982 dorsum
736 3929 901 3999 prematur;
925 3919 1060 3982 conscius
1083 3919 1122 3980 sit
1145 3916 1296 3995 dignitatis

151 4018 368 4098 saltantemque
382 4019 515 4080 imitetur
531 4038 625 4099 equus
640 4020 848 4100 triumphator.
878 4019 1011 4080 Voluisse
1027 4017 1153 4096 scriptor
1166 4011 1295 4075 videtur:

154 4115 378 4198 Concrispatque
398 4117 500 4179 salum.
537 4119 580 4179 lta
603 4117 681 4178 venti
703 4119 830 4198 crispare
845 4119 943 4179 solent
967 4127 996 4178 et
1018 4114 1149 4177 iucundo
1172 4112 1296 4173 tremori

152 4216 220 4278 dare
243 4235 325 4278 mare
353 4235 515 4278 summum.
560 4217 601 4278 lta
625 4216 758 4277 saltantis
789 4217 920 4296 crispum
943 4217 1019 4277 latus
1043 4221 1088 4275 est
1112 4211 1202 4289 (Copa
1225 4206 1294 4269 12
1404 4306 1405 4310 ¹

151 4314 187 4374 cl.
205 4314 302 4394 Priap.
319 4314 422 4377 XXVll
437 4336 462 4376 1.
481 4315 523 4395 2).
568 4317 610 4376 115
634 4316 670 4376 de
692 4314 809 4377 Mosella
832 4317 981 4378 Ausonius
1003 4334 1029 4374 1.
1046 4311 1104 4374 63;
1130 4309 1213 4384 Quod
1234 4309 1295 4369 sul-

152 4423 216 4474 cato
239 4415 296 4475 leui
316 4417 460 4494 crispatur
482 4432 573 4476 arena
594 4426 698 4489 meatu,
721 4417 806 4497 aquis
826 4417 935 4496 quippe
957 4412 1135 4476 meantibus.

1100 4513 1135 4570 3*
