2902 5040
565 365 605 378 -
654 330 718 396 127
764 366 806 379 ·-

112 512 248 587 tempore
259 506 387 568 indicato
396 506 490 586 ipsius
505 506 641 569 Dieuchis
657 515 736 570 aetas
749 515 849 570 notate
863 507 925 569 fere
937 526 954 569 a
968 506 1078 570 Galcno
1093 508 1206 574 comm
1221 509 1252 573 in

113 603 249 685 Hippocr.
267 604 303 665 de
319 611 380 665 nat.
396 605 476 665 hom.
489 605 537 666 XV
547 624 577 685 p.
592 605 651 668 136
664 605 760 667 llirhn.
783 606 885 686 ltaque
900 606 988 668 etiarn
1001 604 1147 668 vetustior
1158 614 1252 671 aetate

112 702 250 764 Nicandri
270 703 344 765 alter
368 703 416 766 ille
442 712 527 783 poeta
553 705 642 767 luerit
667 723 787 766 necesse
814 712 858 767 est
885 704 934 785 qui
960 705 992 766 in
1018 722 1144 765 recensu
1170 705 1252 767 audit

112 794 288 873 Καικίλιος
312 802 369 879 (vel
394 802 493 884 potius
525 800 692 879 Καίκλιος)
721 792 917 886 δἈργείος,
940 800 971 864 in
997 802 1164 866 coniectura
1191 805 1252 866 ele-

110 899 191 977 ganti
216 898 400 961 Meinekiana
426 894 591 989 Kalamine
617 902 661 964 vel
688 897 838 974 Κίκαλος.
880 903 918 963 At
944 921 1013 964 vero
1039 901 1070 963 in
1095 903 1250 964 nominum

111 1000 337 1080 litterarumque
362 1000 468 1062 ordine
493 1001 571 1081 apud
597 988 718 1064 Suidam
745 1000 875 1064 Eudocia
901 1003 1074 1065 concinente
1102 999 1253 1074 Κικίλιος

111 1099 235 1178 ponitur
248 1093 266 1160 ὁ
281 1093 445 1179 Ἀργείοςς
467 1100 573 1180 quodsi
593 1099 764 1162 facillimum
785 1100 921 1164 lectionis
944 1103 1105 1165 statuimus
1120 1120 1251 1165 errorem

110 1198 378 1278 coniungimusque
396 1201 430 1260 A
447 1206 476 1261 et
493 1203 520 1274 I,
546 1202 682 1273 Κικίνος
698 1201 800 1262 evadet
819 1194 837 1262 ὁ
854 1193 1010 1279 Ἀργεῖος,
1035 1201 1114 1281 quod
1141 1219 1252 1263 nomen

110 1317 146 1359 ex
160 1297 247 1379 Corp.
262 1297 350 1360 inser.
363 1316 405 1376 gr.
419 1298 443 1358 ll
456 1298 550 1370 3173,
562 1298 602 1360 27
618 1302 709 1375 (anne
726 1293 906 1372 Διονύσιος
925 1296 1095 1375 Κικίνονῗ)
1118 1296 1251 1362 innotuit

110 1398 195 1460 relat,
208 1397 323 1468 Κίκιος
338 1396 514 1475 Epidaurius
529 1417 564 1459 ex
579 1397 666 1460 Suida
682 1417 705 1458 s.
722 1417 747 1459 ν.
768 1390 968 1480 Κλεομήδης.
1002 1397 1103 1470 Qualia
1121 1416 1189 1460 vero
1206 1399 1251 1461 vel

110 1494 227 1559 Cicali
243 1497 288 1557 vel
303 1493 419 1558 Cicirri
432 1492 495 1576 ἔπη
506 1495 619 1559 fuerim
631 1496 709 1558 nullo
723 1496 842 1575 vestigio
855 1495 1015 1576 antiquitas
1026 1496 1128 1561 relicto
1142 1495 1250 1559 evesti-

109 1594 169 1672 gari
184 1593 344 1673 prohibuit.
367 1594 579 1661 Numeriani
595 1602 695 1665 contra
706 1595 845 1660 carminis
861 1595 956 1674 imago
969 1615 984 1657 e
996 1595 1169 1676 fragmentis
1182 1595 1252 1656 hinc

109 1692 189 1756 illinc
200 1693 341 1757 conectis
354 1692 437 1773 quasi
452 1693 575 1757 tessellis
587 1693 749 1757 tessellaria
759 1694 832 1757 satis
845 1694 972 1757 dilucida
984 1694 1047 1758 erit
1071 1693 1109 1757 Et
1119 1693 1249 1775 primum

109 1791 229 1871 quidem
243 1791 453 1864 solertiarum,
468 1792 574 1872 quibus
588 1793 752 1873 periculum
760 1793 853 1874 pisces
870 1793 997 1873 effugere
1012 1794 1137 1864 soleant
1150 1811 1251 1855 exem-

109 1891 155 1970 pla
181 1890 363 1954 Numenium
389 1892 548 1971 protulisse
574 1909 634 1954 non
662 1892 802 1961 videmus,
826 1891 959 1952 videmus
974 1876 1112 1971 ¹piscium
1128 1891 1250 1953 nomina

108 1998 344 2060 enumerantem,
356 2009 388 2051 ea
404 2000 505 2052 tamen
521 2009 583 2052 non
599 1991 761 2051 stationum
774 1990 919 2051 variarum
935 1990 1012 2050 siout
1027 1990 1058 2051 in
1070 1990 1183 2063 Ovidio,
1199 1988 1251 2050 sed

108 2087 241 2167 ipsorum
258 2089 394 2169 captandi
416 2088 607 2150 artificiorum
630 2089 745 2150 ratione
767 2089 875 2151 habita.
905 2089 997 2167 Igitur
1016 2086 1161 2169 proticisci
1182 2088 1251 2149 inde

107 2187 220 2248 solebat
242 2197 275 2248 ut
302 2205 398 2248 escam
421 2188 547 2267 aliquam
574 2188 789 2267 anquirendam
805 2188 1099 2268 praeparandamque
1114 2188 1249 2248 doceret:

107 2285 147 2348 ita
169 2285 476 2368 cerneliensem
503 2297 675 2359 „memento
702 2287 800 2368 inquit
822 2287 932 2348 etiam
958 2287 1022 2347 eins
1049 2304 1133 2348 escae
1159 2303 1246 2365 quam

107 2384 140 2445 in
170 2400 287 2446 summo
318 2385 403 2447 litore
434 2385 578 2460 invenies,
608 2386 738 2448 inlorum
769 2386 1014 2464 cicadarumque“
1031 2384 1134 2464 (ir.l);
1163 2392 1249 2446 ante-

108 2490 236 2545 cesserat
260 2483 349 2562 igitur
375 2485 472 2547 verbis
498 2486 544 2548 his
571 2486 660 2547 etiam
686 2485 760 2548 alius
782 2504 866 2547 escae
883 2484 996 2547 mentio
1011 2484 1105 2565 qualis
1120 2492 1166 2546 est
1181 2505 1208 2546 e.
1221 2502 1248 2562 g.

107 2581 214 2646 Athen.
230 2581 335 2646 306C:

212 2723 310 2783 Τοίσί
351 2741 408 2784 κεν
445 2718 572 2804 ἄρμενα
607 2718 727 2786 πάντα.
761 2719 1015 2804 παροπλίσσαιο
1044 2719 1082 2783 δι’
1111 2721 1249 2804 βρῶμα

939 2817 969 2896 α
983 2820 1070 2902 μορε
1084 2819 1162 2895 non)

211 2914 380 2999 usipetes
405 2915 425 3000 ἢ
450 2928 576 3001 πηρτνα
601 2915 621 3000 ἢ
648 2916 797 3001 εἰναλίην
822 2913 982 3003 ἕρπιλλαν
996 2920 1044 2997 (fr.
1059 2918 1115 2999 ll);

107 3069 175 3116 narn
189 3052 412 3137 παροπλίζειν
423 3057 484 3118 sive
495 3074 589 3137 genus
597 3058 679 3120 verbi
695 3058 826 3122 medium
841 3059 1014 3121 mariscum
1026 3059 1083 3123 hoe
1097 3059 1161 3119 loco
1176 3058 1246 3119 soli·

84 3163 166 3217 tam
189 3152 340 3217 notionem
363 3155 471 3216 habere
493 3175 578 3218 suam
593 3174 655 3218 non
670 3158 773 3238 possit,
789 3159 883 3220 mmet
901 3173 1009 3238 parare
1030 3158 1123 3219 οίίιαιιι
1151 3157 1246 3219 inter⁴

106 3253 276 3334 pretaberis
293 3254 403 3315 dictum
419 3255 494 3317 sicut
510 3249 660 3326 ὁπλίζειν
675 3254 775 3318 δαῖτα
791 3258 835 3318 vel
858 3254 1006 3319 δεῖπνον.
1036 3257 1132 3335 Atque
1147 3272 1245 3317 escam

107 3371 171 3412 esse
188 3352 276 3412 etiam
293 3353 392 3432 plures
407 3353 564 3433 pisciculos
580 3355 688 3427 voluit3
711 3355 829 3436 scripsit
845 3355 923 3416 enim
941 3354 989 3434 (ir.
1006 3354 1070 3434 lll):

205 3477 329 3569 ἠβαιῇ
355 3479 468 3566 καρίδι
494 3482 563 3559 καὶ,
588 3485 619 3546 εἴ
644 3506 726 3548 ποτε
749 3483 926 3568 βεμβράδι,
943 3487 1043 3569 ’κείνῃ
1137 3489 1139 3497 '

207 3576 283 3668 ζωῇ
299 3578 601 3665 ἐπανροίσσοιο·
618 3581 870 3668 radicaturum
886 3581 1244 3666 etteeqatlth.t8tt);

104 3734 195 3825 refert
209 3734 321 3796 scilicet
343 3728 439 3797 vivere
462 3734 619 3798 bembrada
642 3748 730 3817 qnam
754 3737 850 3818 capias
871 3744 905 3799 ut
919 3754 974 3816 pro
989 3752 1054 3798 esca
1069 3736 1122 3812 sit3
1144 3749 1243 3809 neque

105 3833 184 3894 enim
200 3833 257 3894 nisi
272 3833 435 3913 spirantem
450 3834 575 3914 piscium
591 3836 725 3917 plerique
740 3843 870 3915 tangent.
896 3835 1052 3915 inquibus
1068 3834 1242 3897 adiectivum
1306 3864 1308 3870 ·

104 3926 206 4014 ἢβαιή
241 3932 306 3993 sine
343 3932 498 4011 negatione
534 3934 666 4014 positum
696 3935 735 3996 ita
772 3942 817 3997 est
852 3933 932 3995 velut
967 3933 1045 4014 apud
1073 3932 1242 4014 Oppianum

105 4032 167 4092 Hal.
181 4032 217 4094 lV
226 4032 300 4096 stt.
327 4035 423 4112 Atque
438 4034 472 4095 ad
484 4053 566 4099 escas
576 4033 759 4118 pertinuisse
771 4034 859 4097 etiam
872 4033 992 4109 nomiqa
1007 4033 1243 4097 illavidebuntur

103 4130 262 4194 herbarum
275 4125 409 4214 φύλλων
423 4126 456 4193 δ’
473 4125 548 4196 ὅσσ’
564 4128 719 4215 ἄσπαρτα
733 4130 800 4194 κτλ.
812 4132 890 4213 apud
901 4132 1007 4195 Athen.-
1020 4128 1111 4194 371ss
1125 4130 1239 4206 (fan),

104 4230 140 4291 ci.
157 4246 223 4308 eg.
241 4230 490 4303 teliaeixl1423
513 4231 608 4292 ultimi
623 4241 722 4293 autem
738 4231 899 4294 hexametri
916 4227 1018 4313 ῥάφιν
1040 4224 1071 4290 ι’
1095 4225 1242 4310 ἔμπεδον

103 4327 159 4390 καὶ
183 4323 325 4390 κανλίδα
344 4325 377 4390 τ’
401 4325 578 4410 ἀγροιῶτιν
600 4349 667 4390 oum
690 4349 743 4410 pes
766 4332 872 4393 tertius
887 4331 1126 4411 supplementum
1151 4344 1240 4386 omne
1316 4348 1317 4351 ¹

102 4437 223 4507 respuat
248 4428 306 4489 duo
331 4427 455 4490 fortasse
480 4428 553 4492 haec
578 4438 672 4489 metra
698 4431 824 4492 suntin
851 4447 944 4491 unum
971 4433 1150 4488 contracta
1178 4423 1240 4485 lam

103 4542 165 4586 non
181 4533 267 4586 antea
281 4524 444 4588 Numenius
458 4527 551 4607 ipsam
570 4527 765 4607 piscationem
780 4546 934 4609 aggressus
955 4535 1000 4588 est
1026 4545 1113 4606 quam
1140 4523 1240 4585 docuit
