2902 5040
613 300 835 365 ..25-

150 480 236 543 aliter
269 485 360 558 atque
387 477 424 539 in
450 477 558 539 liorati
591 494 681 539 carni.
706 477 731 549 l,
748 476 789 537 37
812 496 837 538 v.
865 476 913 546 14,
947 475 998 535 ubi
1025 483 1105 537 certe
1131 494 1193 538 non
1215 495 1296 540 auos

150 577 465 658 timcrea.=scripsisaet
487 582 583 656 pocta
597 622 602 631 .
616 576 675 639 nisi
704 576 879 655 lprtcpbctcat
906 585 1026 636 medem
1048 575 1184 655 praeiret.
1234 578 1294 639 lam

151 694 221 738 nero
243 674 505 739 amentiambanc
524 681 615 753 atque
635 672 920 755 perniciosissimum
950 690 1041 752 quem
1069 673 1218 752 praedicat
1241 677 1295 738 Se·

151 794 229 839 uem.
245 773 472 837 auinristatum
493 789 612 852 semper
637 773 740 834 adesse
764 770 940 833 animalibus
963 772 1015 851 qui
1040 771 1110 833 dicit
1129 771 1165 833 iis
1187 773 1295 852 quibus

151 873 240 937 durni
253 924 257 933 .
270 873 386 936 datum.
410 871 482 934 dicit
512 890 530 932 a
555 880 669 934 natura
707 871 820 932 sentire
858 871 1020 950 perniciem
1060 888 1094 931 ac
1126 871 1295 947 defendere,

152 978 255 1037 rerem
272 989 326 1034 .ne
340 971 467 1035 tumido
494 989 546 1045 ure
579 978 608 1031 et
629 969 715 1051 quasi
735 970 800 1050 ipse
827 969 994 1049 lymphatus
1021 969 1130 1032 dixisse
1153 969 1294 1032 videatur.

150 1071 193 1135 lta
217 1088 393 1151 ¹quamnam,
418 1074 486 1131 vere
518 1068 637 1133 rabiant
654 1068 780 1130 bestiae
813 1087 828 1130 a
861 1068 934 1129 Silio
964 1076 1049 1148 poeta
1085 1069 1216 1130 docearis
1249 1069 1296 1131 cui

149 1167 415 1250 lamphatlbores
444 1166 695 1229 illirtllannibalis-
714 1167 843 1228 audiunt
869 1184 997 1247 quornm
1019 1167 1051 1228 in
1075 1168 1213 1230 cornibus
1235 1167 1296 1231 vir-

150 1265 408 1346 guttanagrantia
423 1264 486 1327 lixa
508 1272 606 1333 erant:
628 1264 689 1337 vll,
704 1283 731 1326 r.
755 1264 827 1326 357.

160 1416 166 1425 ,
235 1364 272 1427 ln
298 1364 389 1426 nsit
408 1363 546 1442 ‘legimus
568 1381 634 1439 rana
663 1381 735 1426 sanc
759 1365 873 1444 faceia
900 1365 1014 1436 mettim
1044 1364 1165 1426 haereas
1192 1365 1296 1438 velim3

152 1464 232 1527 baasi
264 1482 317 1543 ego
339 1468 435 1525 ..terte
466 1463 601 1540 micauri,
626 1463 706 1542 quod
745 1479 806 1524 non
847 1463 948 1543 potius
983 1466 1088 1524 iescae
1123 1463 1229 1542 legitur
1268 1471 1297 1525 et

151 1562 284 1642 putidam
308 1562 485 1641 scripturam
509 1580 630 1622 eernere
653 1569 746 1623 ratus.
792 1562 886 1622 Credo
910 1560 991 1623 enim
1017 1561 1047 1623 id
1070 1562 1149 1641 quod
1173 1562 1297 1624 tirmiter

150 1660 252 1731 dicere
274 1677 389 1740 ¹panum
417 1659 515 1733 adhuc
542 1659 698 1740 adparatus
731 1676 800 1721 sum
830 1659 1039 1721 necessitatem
1071 1666 1102 1720 et
1136 1659 1296 1738 elegantiae

151 1758 287 1821 studium·
305 1757 362 1820 hac
382 1758 413 1818 iu
435 1757 531 1819 reita
553 1757 725 1821 conciliasse
745 1765 856 1837 poetas,
885 1765 918 1819 ut
942 1776 999 1838 pro
1019 1762 1122 1820 meacm
1150 1757 1296 1820 similibus

150 1875 215 1919 aaa·
229 1875 335 1927 sunum
355 1855 461 1925 similia
483 1873 545 1919 non
566 1864 713 1937 ponerent
743 1857 800 1919 nisi
821 1864 873 1919 ant
898 1857 989 1919 vocali
1010 1865 1062 1919 aut
1087 1857 1193 1936 syllaba
1214 1855 1296 1918 brevi

150 1953 353 2029 antecedente.
399 1953 442 2017 lta
458 1962 503 2014 est
517 1956 580 2017 Art.
600 1955 665 2021 am.
686 1954 721 2026 11,
745 1953 821 2017 508:
856 1955 912 2016 Nee
934 1974 988 2016 aaa
1007 1973 1067 2016 nort
1087 1974 1176 2016 sunus
1190 1960 1298 2036 scripto

147 2062 232 2134 poeta
253 2052 335 2132 lapat
379 2050 447 2113 Met.
473 2050 549 2123 ·Vlll‚
578 2049 657 2114 865:
691 2054 776 2114 acido
808 2070 868 2115 coa
898 2057 974 2114 mua
1007 2053 1143 2115 elimatus
1172 2057 1296 2134 paranti.

149 2151 220 2221 liet
243 2149 292 2222 111,
317 2149 392 2227 175;
416 2148 470 2211 Per
491 2167 592 2213 mutua
614 2155 741 2231 spumata
762 2169 822 2212 noa
843 2154 926 2212 certat
937 2151 1069 2231 pastibus
1083 2169 1195 2212 errans.
1218 2152 1296 2214 Fast.

149 2250 171 2320 l,
193 2249 273 2327 506:
301 2246 391 2319 Pinea
411 2267 470 2311 nott
491 2268 562 2312 acuo
589 2260 633 2311 ter
653 2251 723 2329 pede
749 2261 829 2313 teuta
854 2250 932 2329 serit.
977 2249 1037 2311 lbis
1060 2249 1138 2310 322:
1176 2250 1297 2313 Vulnere

149 2364 209 2407 coa
229 2347 302 2428 fidos
323 2350 473 2426 asperiore
495 2358 553 2409 tao.
598 2349 675 2409 Fast.
699 2349 747 2421 ΙΙΙ,
778 2347 858 2409 139>
890 2347 1013 2410 Dabunt
1040 2357 1066 2409 et
1091 2347 1208 2427 plenam
1238 2367 1297 2409 uon

149 2446 248 2524 fumis
268 2447 376 2506 mtt'btu
396 2444 504 2518 aruum
525 2442 662 2518 Sustulit3
685 2446 723 2506 cf.
740 2445 827 2507 etiam
842 2447 921 2506 Fast.
937 2445 959 2518 l,
985 2445 1061 2505 147:
1082 2455 1230 2526 preterque
1246 2447 1296 2508 deo

149 2560 208 2604 aare
221 2534 348 2604 territtu‘
360 2546 405 2622 epi
425 2551 456 2603 et
470 2560 505 2602 ex
521 2541 617 2603 Ponto
632 2542 654 2613 l,
671 2543 699 2616 5,
715 2543 770 2603 tt:
793 2543 919 2604 studium
939 2561 998 2604 aon
1018 2542 1088 2604 utile
1109 2560 1200 2617 amco,
1229 2563 1296 2606 eum

148 2647 251 2703 tamen
273 2645 360 2702 versu
382 2639 449 2702 Met.
466 2639 532 2713 XV,
557 2639 631 2701 103·
645 2641 688 2701 nti
711 2658 772 2701 non
795 2641 880 2702 liceat
907 2640 1017 2721 quippe
1040 2641 1087 2703 eui
1109 2642 1220 2704 inutiles
1241 2661 1297 2721 pa-

149 2757 217 2800 rum
230 2742 333 2818 aptuui
347 2738 462 2800 fuisset
501 2738 603 2819 Neque
618 2739 694 2818 apud
708 2737 855 2799 Nasonem
872 2737 929 2798 vidi
952 2737 1021 2817 quid
1046 2745 1148 2799 eontra
1171 2738 1296 2814 facerem

150 2838 202 2898 scd
236 2836 309 2899 libet
343 2837 440 2911 etiam
461 2836 653 2899 Homtianum
682 2837 751 2911 illud
787 2854 966 2897 memorare:
1008 2836 1033 2897 0
1060 2855 1109 2917 epo
1135 2856 1195 2899 coc
1220 2836 1297 2918 selam

150 2935 242 3017 Epod.
267 2933 395 3008 illins,
413 2935 592 2997 'ubi'tumen
616 2950 691 3015 quae
714 2935 819 2996 similia
844 2935 992 2996 Bentleius
1015 2934 1169 3015 adscripsit
1191 2936 1296 2998 inieri-

151 3034 253 3095 oribus
275 3032 470 3113 scriptoribus
493 3032 656 3108 debentur3
682 3032 767 3094 sicuti
790 3052 960 3113 comparare
983 3033 1071 3094 etiam
1093 3034 1204 3112 possim
1228 3055 1252 3095 e.
1269 3054 1295 3114 g.

151 3130 265 3194 Lucani
278 3144 396 3192 versum
420 3132 451 3202 V,
467 3130 524 3192 58:
548 3132 594 3193 Ea
608 3133 660 3193 tabi
672 3150 731 3194 cort
741 3132 815 3212 fidae
828 3136 918 3212 pentir
933 3132 1090 3211 dc'pm'ssime
1103 3149 1191 3211 repca
1207 3141 1296 3213 atque

151 3251 184 3292 er
199 3229 328 3292 Leandri
350 3229 477 3309 epistula
496 3247 615 3290 versum
641 3226 715 3290 190:
739 3240 790 3292 act
810 3249 855 3292 me
877 3230 913 3291 Ia
934 3232 1012 3310 freta
1033 3247 1092 3290 coe
1114 3240 1213 3291 cactus
1235 3242 1296 3293 tom

150 3346 259 3411 propte
291 3331 381 3389 nubet
413 3344 505 3407 umor.
558 3328 702 3407 Suspicor
732 3329 823 3408 igitur
855 3328 1087 3390 Halieuticorum
1120 3329 1295 3408 scriptorem

149 3426 295 3490 nesciisse
312 3426 485 3506 elegantiam
515 3442 576 3487 non
605 3427 799 3489 neeessariam
822 3443 1039 3507 nonnunquam
1061 3434 1121 3488 non
1145 3444 1212 3489 esse
1234 3430 1295 3490 ele-

150 3525 292 3604 gantiam·
367 3544 370 3549 ’

227 3624 270 3684 ‘ln
291 3621 393 3684 eadem
416 3622 543 3684 Leandri
565 3623 689 3702 epistula
718 3623 758 3684 ita
781 3623 958 3685 terminatur
987 3625 1157 3686 hexameter
1187 3645 1211 3688 v.
1236 3626 1293 3688 57:

151 3723 271 3802 deposito
291 3724 402 3800 perdar
424 3739 488 3782 cum
509 3731 583 3782 veste
608 3725 718 3783 timore.
764 3722 906 3783 Similiter
929 3722 993 3783 Hal.
1016 3743 1042 3783 v.
1068 3723 1123 3784 65:
1149 3725 1187 3785 Et
1214 3736 1295 3804 copto

149 3821 264 3900 sapiens
286 3836 385 3880 cetuna
405 3820 466 3880 urae
492 3821 556 3898 sine
585 3822 693 3881 timore.
739 3819 860 3881 Ovidius
889 3839 957 3881 cum
987 3821 1127 3882 scriberet
1153 3821 1221 3882 Met.
1248 3824 1294 3894 Vl,

151 3917 228 3979 266:
257 3933 320 3978 mea
341 3916 398 3979 alte
416 3935 550 3996 percusso
574 3919 658 3979 eorde
682 3922 786 3998 sopitae
803 3927 887 3980 'certe
915 3937 1021 3980 sonum
1049 3920 1148 3981 minus
1176 3928 1293 4000 turpem

150 4014 278 4079 reddidit
300 4012 418 4077 ablativi
438 4014 484 4077 bis
507 4016 605 4094 positi.

229 4113 434 4175 Procedamus
457 4113 492 4174 ad
515 4114 603 4176 linem
628 4133 768 4177 excursus
798 4131 976 4194 versumque
1000 4114 1049 4176 80.
1096 4117 1182 4178 Canis
1205 4135 1295 4179 vena-

151 4212 208 4273 tori
231 4211 333 4291 prodit
355 4212 447 4274 loram
471 4213 675 4292 ostenditque:
705 4232 786 4294 quam
807 4217 834 4275 st·
853 4214 971 4275 conlutis
992 4215 1099 4293 essupit
1120 4217 1217 4288 armis,
1242 4215 1294 4275 Ia-

151 4315 277 4390 seqoitcr
299 4314 378 4372 cuais
406 4329 469 4389 equ.
514 4310 674 4375 lnbabilins
703 4311 780 4372 dieta
810 4312 885 4373 haec
908 4331 1037 4391 quoque.
1083 4313 1214 4389 Pugnam
1244 4315 1295 4394 qui

152 4409 250 4475 ineam
272 4427 352 4472 arma
375 4408 462 4491 iuter-
477 4429 510 4472 se
533 4411 667 4471 conferre
690 4411 830 4487 dicuntur
851 4412 929 4490 apud
950 4411 1066 4483 Livium
1086 4409 1193 4483 xxti
1219 4412 1294 4488 init,
