2902 5040
587 296 809 362 ..33-

123 495 185 549 ras,
207 475 344 538 iambum·
356 473 564 535 Lachmannus
580 472 679 549 (Lucr.
696 491 723 552 p.
745 473 816 548 152)
842 470 904 532 dari
928 470 1018 532 voluit
1042 469 1157 531 Catullo
1175 466 1225 547 38,
1242 466 1272 543 2,

124 574 178 636 ubi
202 575 385 655 praeplacet:

350 680 352 685 '
371 670 444 732 Male
466 675 520 743 est,
544 668 690 741 Cornifici,
712 676 765 729 tuo
789 667 914 740 Catullo,

356 769 445 833 ¹Male
468 776 513 829 est
537 786 586 830 me
608 767 726 829 hercule
748 775 778 828 et
800 774 857 827 est
880 763 1023 826 laboriose

371 868 410 928 lii
433 867 525 945 magis
548 866 640 944 magis
663 866 694 926 in
718 866 782 926 dies
805 874 836 925 et
857 863 956 926 horas.

125 969 195 1030 Non
216 976 315 1030 autem
339 984 441 1027 moror
474 965 555 1045 quod
588 965 624 1026 de
653 964 757 1026 Catulli
777 963 827 1036 29,
844 961 892 1032 ,20
915 981 1011 1041 nuper
1039 960 1143 1047 statuit
1170 960 1195 1021 is
1222 959 1273 1040 qui

124 1084 220 1145 nugas
242 1086 308 1129 cum
333 1066 435 1128 ederet
457 1065 586 1126 edendas
608 1063 764 1142 nugatorie
779 1060 901 1143 putavit.
935 1060 1025 1121 Cuius
1046 1059 1102 1120 loci
1125 1059 1271 1120 veriorem

125 1167 253 1228 sormam
276 1172 445 1228 monstrare
468 1163 519 1225 ubi
542 1181 589 1223 me
604 1162 714 1242 paravi,
738 1181 806 1224 ecce
828 1181 929 1224 aurem
954 1162 1026 1223 mihi
1049 1161 1127 1224 vellit
1143 1161 1273 1223 Catullus

126 1282 212 1324 meus
229 1271 258 1324 et
270 1263 324 1337 Ne,
334 1263 441 1342 inquit,
453 1261 529 1341 prati
543 1261 601 1321 mei
613 1262 701 1321 llores
714 1260 852 1339 vepribus
863 1261 928 1322 istis
941 1259 1049 1322 insere.
1072 1260 1172 1322 Eidem
1183 1260 1273 1339 displ-

124 1359 229 1423 labum
252 1360 329 1440 apud
353 1360 506 1423 Manilium
528 1366 574 1420 est
596 1359 634 1420 lll
659 1357 709 1420 73.
753 1358 813 1420 lam
841 1359 1016 1439 scriptorem
1041 1358 1273 1420 Halieuticorum

124 1460 179 1540 qui
201 1464 230 1522 ei
242 1461 342 1540 posuit
365 1459 498 1521 iambum
514 1479 541 1519 v.
558 1457 598 1519 34
621 1477 657 1520 eo
681 1475 743 1519 non
765 1476 866 1539 parem
890 1477 922 1522 se
944 1457 1129 1538 praestitisse
1151 1456 1275 1537 reliquis

126 1576 273 1637 agnoscas
296 1577 420 1620 necesse
444 1565 500 1620 est.

213 1657 358 1736 Superest
380 1674 484 1719 unum.
530 1655 696 1717 Commune
719 1654 860 1732 prosaicis
891 1654 1085 1734 scriptoribus
1114 1662 1159 1716 est
1188 1661 1275 1717 utet

125 1760 245 1834 tergum
268 1753 440 1815 animalium
471 1760 500 1814 et
526 1753 631 1832 pellem
661 1770 759 1831 neque
788 1771 854 1814 carn
883 1763 999 1815 tantum
1031 1772 1121 1832 quam
1149 1753 1180 1814 in
1209 1753 1273 1833 ipso

125 1860 211 1931 tergo
235 1852 365 1914 habeant
387 1853 432 1912 vel
454 1859 556 1929 tergus
580 1850 679 1911 dicant
702 1851 747 1912 vel
770 1858 899 1930 tergora.
944 1852 1055 1914 Plinius
1078 1853 1177 1913 Celsos
1200 1870 1273 1913 con·

125 1951 217 2012 sedas.
263 1951 341 2012 Sunt
363 1957 462 2012 tamen
485 1949 590 2029 p'oetae
617 1968 736 2028 quoque
764 1951 812 2028 qui
841 1949 920 2012 idem
948 1950 1077 2011 dixerint
1097 1951 1177 2011 velut
1199 1951 1274 2012 Pro·

124 2049 243 2128 pertins
258 2048 297 2110 llI
313 2048 364 2121 26,
377 2046 412 2122 6,
428 2048 654 2122 stimuleum
670 2047 808 2109 Martialis
821 2049 843 2109 V
856 2047 912 2123 22,
928 2048 1047 2110 Gratius
1062 2067 1089 2108 v.
1105 2046 1167 2109 339
1184 2066 1272 2127 quem

125 2149 227 2210 locum
248 2147 289 2208 ita
310 2147 444 2226 adpone:

440 2245 533 2324 'legat
554 2245 629 2306 imas
652 2243 742 2305 fascia
765 2262 849 2306 suras

182 2408 187 2413 ,
227 2344 358 2407 lnternis
380 2344 493 2407 innlina
517 2344 579 2405 suis
604 2351 633 2404 et
654 2349 771 2421 tergore
793 2342 874 2405 fulvo

228 2442 429 2522 saetigerique
452 2450 540 2521 caput
563 2459 693 2519 canaque
717 2459 732 2500 e
755 2441 848 2501 maele
870 2441 969 2520 galeri.

227 2542 302 2603 Lina
325 2541 470 2603 Toletano
493 2539 685 2620 praecingant
708 2538 756 2600 ilia
780 2540 885 2602 cultro.

125 2641 202 2704 Nam
226 2641 341 2702 irruiiuo
363 2640 543 2718 tangendum
571 2654 633 2698 non
665 2636 791 2697 videtur.
836 2638 931 2700 Galeri
955 2647 1053 2700 autern
1077 2641 1145 2720 quia
1165 2652 1274 2720 tepuerat

124 2743 228 2819 copario
242 2738 369 2818 Vergilio
392 2747 536 2800 vocantur
552 2737 621 2797 Aen.
640 2733 688 2796 Vll
705 2733 775 2808 688,
800 2742 872 2816 (quo
897 2744 927 2798 et
949 2737 1003 2799 viri
1019 2740 1122 2800 rustici
1140 2748 1273 2813 utuntur,

125 2839 233 2900 Moret.
252 2837 321 2910 122,
337 2845 368 2899 et
379 2838 476 2910 dores,
492 2839 525 2896 Α.
542 2835 574 2895 L.
591 2834 669 2895 Ries.
686 2833 748 2894 646
764 2853 791 2893 v.
808 2832 872 2910 25),
896 2836 985 2897 etiarn
1006 2836 1040 2896 ad
1063 2837 1144 2917 ipsos
1159 2840 1272 2918 galerus

125 2937 205 3016 apud
222 2936 357 2998 Gratium
378 2934 502 2997 verbum
527 2944 600 3014 tegat
625 2932 804 3012 pertinuisse
829 2935 1020 3011 persuadent.
1057 2936 1160 3009 Porro,
1184 2938 1273 2999 modo

124 3035 217 3114 latine
239 3041 326 3114 pocta
353 3034 517 3113 scripserit,
542 3032 635 3092 cultro
655 3031 885 3110 praecingantur
906 3032 953 3093 ilia
977 3040 1094 3113 oportet
1115 3024 1274 3114 sermoque

124 3141 227 3195 rectus
250 3132 356 3197 clamat
378 3133 575 3194 accusativum
600 3147 665 3190 esse
687 3131 754 3202 iliam
781 3130 839 3191 iam
867 3131 937 3191 ima
966 3131 1014 3192 ilia
1046 3133 1144 3195 locum
1168 3150 1273 3213 parurn

126 3239 230 3311 aptum
254 3232 349 3293 cultro
366 3249 433 3293 esse
456 3230 505 3309 qui
528 3229 727 3307 perspexerit,
756 3248 792 3289 ex
818 3233 879 3289 imo
908 3229 1076 3292 subiectum
1105 3232 1274 3295 sententiae

126 3330 226 3392 eliciet
255 3329 386 3391 balteum
414 3328 583 3407 significans
617 3326 763 3387 rusticum
792 3327 853 3388 sive
883 3327 943 3389 lino
970 3346 1025 3390 seu
1052 3330 1121 3410 quid
1152 3330 1274 3410 propius

126 3428 269 3494 abiaceat.
314 3427 357 3489 to
388 3436 482 3506 terpus
507 3445 577 3488 vero
605 3436 638 3489 ut
661 3429 791 3503 redeam,
826 3428 946 3491 Ovidius
968 3430 1060 3491 semel
1081 3437 1198 3490 tantum
1219 3429 1275 3490 hac

125 3543 200 3587 voce
223 3543 295 3587 usus
319 3533 364 3588 est
386 3543 440 3604 pro
458 3524 534 3605 pelle
556 3525 708 3588 Met'lllll
726 3527 797 3599 347,
827 3546 902 3607 quae
930 3536 1031 3591 tamen
1059 3527 1100 3588 ibi
1123 3526 1274 3589 humilitas

126 3643 163 3684 eo
186 3623 342 3685 sublimior
365 3623 398 3683 tit
420 3624 488 3702 quia
510 3625 618 3703 pellem
640 3645 695 3705 pro
726 3626 792 3706 ipso
822 3626 916 3706 clipeo
939 3627 1047 3706 posuit.
1093 3625 1178 3705 Apud
1201 3625 1275 3687 Ver·

126 3721 231 3799 gilium
254 3723 326 3783 ileu.
351 3720 392 3782 {X
415 3721 474 3783 761
503 3724 614 3802 optima
644 3725 819 3786 auctoritate
844 3726 903 3787 iam
931 3725 1102 3787 restitutum
1129 3724 1274 3786 habemus

126 3830 239 3899 tergum
253 3837 308 3901 pro
331 3829 434 3898 terpus.
469 3819 532 3882 lloc
554 3823 634 3884 enim
657 3823 839 3905 respuebant
852 3832 957 3904 poetae
978 3824 1100 3903 eiusque
1122 3823 1153 3884 in
1175 3822 1274 3898 locum

126 3917 207 3980 baud
239 3936 304 3980 rara
337 3918 481 3997 elegantia
514 3931 626 4002 tergum
659 3924 861 3997 sufficiebant3
893 3922 958 3984 uide
992 3928 1142 4000 praeterea
1169 3920 1274 3996 Vergili

126 4017 200 4077 Aen.
216 4017 230 4077 1
247 4016 325 4092 368,
348 4018 387 4078 xt
404 4017 483 4094 653;
507 4019 590 4081 Ovidi
604 4020 672 4082 Met.
688 4021 750 4082 XlV
767 4022 844 4097 225,
860 4020 909 4082 XV
927 4020 1003 4095 304,
1020 4020 1096 4080 Fast.
1112 4018 1149 4079 IV
1165 4016 1227 4077 212
1244 4028 1274 4079 et

128 4114 209 4191 342,
231 4115 452 4190 sittvt115723
475 4117 634 4195 1111451,
661 4110 741 4182 Stati
756 4120 825 4181 Ach.
845 4120 964 4193 11154,
995 4118 1086 4180 Theb.
1113 4116 1173 4176 Vlll
1197 4115 1275 4191 221,

128 4212 268 4275 Martialis
283 4214 345 4276 XlV
362 4214 412 4276 66.
457 4215 515 4277 Pro
539 4217 618 4279 dorsi
642 4236 729 4279 carne
758 4218 921 4297 elegantius
951 4227 1065 4297 tergora
1087 4214 1160 4275 dixit
1182 4216 1275 4277 semel

128 4310 211 4372 Maro
227 4313 301 4373 Aen.
317 4312 418 4386 1211,
441 4313 531 4375 semel
548 4316 625 4377 Naso
649 4315 716 4376 Met.
734 4316 795 4377 Vlll
811 4316 872 4377 639
888 4315 952 4394 (ubi
968 4313 1059 4376 simul
1073 4321 1172 4373 tamen
1195 4322 1275 4392 tergo

130 4429 156 4471 v.
175 4409 237 4470 638
260 4411 421 4487 babemus3
444 4422 577 4474 ceterum
600 4414 923 4491 ci.Pbaedrill1,9).
957 4415 1015 4476 lam
1038 4430 1107 4474 vero
1130 4411 1186 4472 hoc
1208 4429 1275 4471 ver·

182 4506 204 4550 B
213 4507 221 4550 i
230 4509 274 4559 rt,
296 4507 324 4552 dc
338 4509 483 4556 halieuticis.
1098 4512 1115 4564 3
