2902 5040
652 291 898 361 -1tt-

204 466 329 544 deginae
344 466 449 528 Athen.
466 466 570 545 3071))
592 485 660 529 cnm
682 467 855 529 ualeatione
875 467 1043 557 verborum
1055 466 1139 531 omni
1158 467 1247 533 modo
1268 485 1345 546 opus

89 593 92 601 ·
204 565 241 628 sit
262 582 360 645 neque
376 565 528 638 Cleandro
552 565 673 628 nomine
699 566 799 646 oppidi
821 565 1020 645 Epirotarum,
1046 566 1125 644 quud
1152 584 1225 629 sane
1245 583 1346 646 quarn

204 664 354 742 eleganter
368 683 404 724 ex
426 664 636 744 caradramgue
651 666 797 730 Vahlenus
821 665 896 726 eruit
919 669 1031 740 (nmen
1055 664 1236 729 maritimum
1252 664 1346 727 fuisse

204 763 340 842 Polybius
355 761 444 827 xxu.
461 762 480 825 a
496 763 580 826 testis
595 780 656 826 uon
672 763 740 843 est),
766 781 866 827 versus
890 768 1000 827 fractus
1016 764 1139 826 omnino
1155 764 1225 842 erigi
1241 764 1346 842 possit,

203 861 274 922 baec
288 861 386 941 potius
403 861 474 921 mihi
490 862 663 941 reponenda
680 862 741 929 visa
757 870 842 925 sunt:

303 971 434 1034 Omnibu
449 971 504 1034 sub
521 973 627 1053 Clupea
643 981 774 1053 praestat
787 974 912 1036 mustela
929 974 1057 1048 marina3

303 1073 401 1134 Mures
417 1080 487 1133 sunt
502 1073 577 1133 deni
592 1091 687 1152 praes,
703 1081 799 1135 ostrea
815 1074 940 1153 plurima
955 1073 1059 1153 Abydi,

303 1171 381 1232 Arcti
398 1171 474 1250 apud
491 1171 661 1233 Ambraciae
675 1171 763 1246 lines3
786 1171 941 1251 Mitylenae
957 1181 1004 1234 est
1018 1180 1133 1251 pecten,

302 1269 450 1331 Brundisii
465 1288 567 1350 sargus
582 1270 693 1332 bonus:
709 1271 789 1332 huuc
805 1289 928 1350 maguus
944 1271 968 1332 si
985 1271 1041 1332 crit
1057 1289 1152 1334 sume.

204 1396 344 1462 Ceterum
373 1398 483 1463 frustra
510 1399 664 1479 ingenium
685 1408 883 1462 exercuerunt
909 1399 1071 1462 doctissimi
1097 1400 1150 1461 viri
1176 1418 1212 1461 ex
1240 1399 1347 1479 despe·

202 1499 274 1562 ratis
303 1499 360 1561 illis
389 1499 572 1561 melodorum
606 1499 722 1561 turdum
756 1498 954 1580 merulamque
981 1499 1172 1580 crebramque
1199 1502 1347 1560 mumdum

203 1597 276 1660 recti
292 1598 420 1678 aliquam
437 1599 525 1660 metri
545 1599 672 1660 formam
687 1606 721 1660 ut
737 1606 920 1670 excuterent,
946 1616 1014 1660 oum
1038 1608 1138 1660 tamon
1165 1599 1219 1659 bos
1245 1597 1347 1677 plures

204 1714 306 1762 versus
323 1715 387 1758 esse
401 1696 434 1758 in
449 1695 566 1758 brevius
588 1704 756 1759 contractos
772 1705 929 1776 arguerent
952 1697 1062 1759 omissa
1077 1696 1221 1771 locorum,
1237 1695 1348 1776 quibus

203 1794 299 1877 pisces
315 1794 429 1859 nobiles
445 1795 633 1868 haberentur,
650 1796 766 1858 indicia.
1273 1877 1276 1882 Ι
1320 1819 1323 1825 ·

288 1895 349 1956 lam
366 1914 432 1957 vero
448 1904 585 1976 utquam
601 1894 773 1956 brevissime
789 1912 1002 1976 componamus
1018 1912 1136 1974 moesos
1156 1895 1188 1955 in
1203 1910 1236 1955 re
1251 1884 1347 1974 piscass

204 1993 278 2057 toria
308 1993 358 2074 qui
388 1993 601 2056 elaboraverint
630 2002 747 2074 praeter
773 1995 994 2056 Archestratum
1025 1994 1183 2074 scriptores
1214 1994 1286 2053 baec
1315 1992 1347 2053 in

206 2091 303 2172 primo
333 2092 408 2155 libro
438 2092 753 2175 lleipnosopbistarum
781 2095 946 2156 enctarisse
969 2091 1153 2155 Athenaeum
1179 2092 1349 2153 invenimus

204 2212 233 2273 p.
252 2188 336 2253 1313:
371 2185 454 2254 οὕτω
478 2191 533 2252 καί
556 2187 676 2274 ταύτην
703 2189 773 2274 τὴν
799 2192 937 2274 τέχνην
969 2187 1058 2274 (τήν
1089 2186 1347 2273 άλιεντικὴν)

203 2282 373 2373 ἀκριβοῖ
405 2285 531 2371 μάλλον
563 2289 628 2353 τάν
660 2289 800 2353 τοιαδτα
834 2291 1088 2373 προηγουμένως
1118 2278 1350 2352 ἐκδεδωκότων

203 2387 418 2474 ποιήματα
445 2384 467 2470 ἦ
494 2385 807 2470 συγγράμματα,
842 2386 1065 2452 Καικίλιον
1092 2386 1254 2467 λέγωτὸν
1273 2380 1349 2471 'AQ-

203 2496 295 2565 γείον
322 2485 378 2548 καὶ
408 2482 641 2568 Νουμήνιον
668 2481 726 2550 τδν
749 2480 993 2571 Ἡρακλεάτην,
1024 2480 1349 2569 Παγκράτηνῑτὸν

202 2580 365 2670 Ἀρκάδα,
400 2580 664 2648 Ποσιδάνιον
685 2583 742 2648 τὸν
767 2585 951 2668 Κορίνθιον
984 2584 1040 2648 καί
1072 2585 1130 2649 τὸν
1157 2580 1257 2668 δλίγῳ
1280 2581 1347 2666 πρὸ

204 2676 296 2769 ἡμῶν
331 2679 506 2766 γενόμενον
536 2679 763 2747 Ὀππιανὸν
798 2681 856 2747 τὸν
897 2683 1025 2747 Κίλικα.
1075 2679 1249 2756 ,τοσούτοις
1285 2681 1348 2764 γὰρ

205 2779 396 2866 ἐνετύχομεν
418 2776 643 2868 ἐποποιοῖς
665 2774 836 2846 ἁλιευτικὰ
852 2780 1044 2866 γεγραφόσι,
1068 2778 1349 2862 καταλογάδην

204 2878 242 2946 δὲ
271 2883 317 2968 τῷ
340 2879 539 2945 Σελεύκου
561 2881 619 2947 τοῦ
646 2884 798 2965 Ταρσέως
820 2881 875 2945 καὶ
899 2880 1117 2946 Λεωνίδου
1138 2876 1350 2952 τοῧ,Βοζαν-·

204 2983 286 3045 otoo.
331 2980 365 3043 ln
394 2981 499 3062 quibus
529 2981 558 3044 id
588 2980 689 3044 statim
719 2990 894 3068 agnoscetur
926 2990 1081 3063 poetarum
1111 2990 1191 3044 certe
1219 2980 1347 3061 positam

205 3081 312 3143 seriem
341 3100 406 3143 esse
432 3081 468 3142 ad
495 3081 628 3143 ordinem
654 3084 838 3162 temporum3
865 3079 1043 3143 Numenium
1060 3098 1129 3142 vero
1145 3080 1348 3142 Heracleotam
1429 3105 1436 3119 ·

204 3188 272 3242 aute
294 3179 471 3242 Nicandmm
496 3179 599 3242 vixisse
614 3179 776 3242 Meinelrius
798 3179 951 3259 occuparit
972 3179 1085 3259 (Exere.
1101 3179 1172 3260 phil.
1187 3180 1242 3259 lp.
1259 3177 1348 3258 δορα

204 3280 286 3342 llnal.
303 3281 366 3343 crit.
383 3281 429 3341 ad.
445 3281 553 3342 Athen.
565 3298 594 3359 p.
607 3279 711 3359 bsq.);
725 3279 904 3340 Nicandrum
917 3278 1039 3340 enimin
1051 3278 1201 3340 Theriacis
1217 3277 1349 3339 Numani

202 3379 342 3442 Theriaca
372 3387 416 3440 ter
445 3378 611 3441 imitantem
641 3378 752 3440 scholia
778 3378 910 3458 produnt
935 3379 973 3440 ad
998 3397 1024 3438 v.
1041 3378 1101 3440 637
1118 3387 1147 3439 et
1162 3375 1224 3437 blll
1239 3385 1269 3437 et
1285 3374 1347 3436 237

204 3481 282 3558 (apte
299 3477 442 3558 corriges:
465 3473 658 3559 ὑπόχλωρον
672 3474 714 3539 sd
731 3475 792 3558 μὲν
807 3474 899 3549 ἕλκος
913 3475 1092 3551 κοιλαίνει,
1115 3474 1154 3538 τὸ
1169 3473 1207 3537 δὲ
1220 3471 1349 3537 πολλὸν

203 3573 384 3660 ἀνέδραμεν
406 3570 551 3638 adcedam
573 3575 676 3656 οίδος)
697 3585 729 3642 et
748 3577 783 3637 ad
798 3573 871 3652 257,
894 3576 944 3637 ubl
967 3577 1003 3639 ad
1020 3576 1182 3638 Nicandrea
1203 3570 1348 3636 ἄνθεσιν

204 3677 317 3738 εἵσατο
339 3672 462 3753 χαλκοῦ
484 3675 659 3738 adnotatur:
681 3670 845 3756 γράφεται
867 3673 906 3737 δὲ
928 3677 983 3736 καὶ
1004 3661 1158 3735 ἄνθεσι
1181 3667 1346 3755 κάλχης·

203 3770 329 3847 οὕτως
351 3772 419 3835 καί
441 3771 553 3858 παρά
577 3776 812 3858 Νονμηνίῳ·

439 3898 537 3980 (some
558 3893 616 3980 μὲν
638 3890 745 3982 (χράῃ)
768 3893 869 3983 εἴδετ’
893 3891 951 3961 ἐπ’
970 3892 1048 3980 ixdie
1112 3968 1116 3977 q

302 3995 440 4084 ἦερόεις,
462 3996 536 4062 τοτὲ
558 3993 590 4059 δ’
613 3983 657 4059 αὖ
678 3995 807 4082 μολίβῳ
828 3992 1017 4079 ἐναλίγκιον
1039 3993 1128 4077 εἶδος

302 4095 389 4183 ἀμφὶ
411 4092 595 4170 ἐνάδαινεν,
619 4090 721 4178 κάλχρ
746 4097 831 4163 ἰ’σον.

204 4223 273 4288 ἔστι
297 4222 334 4287 δὲ
355 4220 456 4306 κάλχη
480 4217 594 4294 ἄνθος.
631 4222 666 4282 ln
681 4221 788 4302 quibus
804 4219 892 4294 είδος
907 4221 1088 4284 accusativus
1105 4227 1164 4295 est3
1188 4237 1248 4281 non
1271 4216 1346 4279 benc

203 4335 302 4389 autem
329 4325 364 4387 de
391 4323 447 4385 boe
472 4323 536 4383 Ιοοο
553 4321 725 4382 llleinokins.
756 4321 816 4382 lam
839 4340 909 4381 vero
925 4321 1099 4403 scriptorem
1116 4317 1345 4381 Halieuticorum

204 4426 314 4507 quippe
328 4421 465 4489 lliaucbis
480 4419 586 4484 medici
606 4419 784 4500 discipulum
800 4419 920 4496 (Athen.
935 4439 967 4501 μ.Ι
981 4420 1041 4495 bd)
1065 4436 1126 4483 nou
1146 4417 1236 4482 alium
1257 4425 1345 4509 atque

202 4523 415 4586 'l'bcriacorum
442 4540 506 4583 esse
533 4520 621 4581 simul
647 4519 720 4581 dixit
745 4517 927 4592 Meinelius,
953 4516 1087 4597 beneque
1114 4515 1252 4596 congruit
1277 4532 1345 4576 cum
