2902 5040
682 296 903 363 ..50-

216 477 304 540 dandi
324 476 370 537 cui
385 474 547 554 adplicetur
566 475 648 536 locus
663 474 712 535 hic
734 493 832 554 neque
846 473 960 553 primus
976 481 1134 553 estusque
1150 492 1220 535 vero
1237 471 1361 533 ultimus

215 576 266 656 (cf.
282 575 314 636 in
328 574 430 636 Horati
449 571 611 644 carm.19‚
627 570 647 630 2
663 590 796 635 errorem
812 571 922 634 codicis
937 571 1128 652 Turieensis).
1152 572 1244 633 Porro
1256 590 1286 632 r.
1297 567 1361 631 266

216 682 373 753 corruptus
395 672 449 734 ita:
920 721 922 727 .

314 771 487 833 Femineum
513 776 654 848 concepta
678 769 767 830 decus
791 777 908 842 manet:

214 884 264 946 ubi
287 893 435 963 conspecto
455 881 539 942 facile
561 899 718 959 agnosces3
741 889 874 941 ceterum
898 881 1105 959 expectabam:

313 992 389 1056 Ecce
411 991 536 1053 Ithaci
559 991 687 1053 coniunx
711 1009 860 1070 semper
883 991 994 1052 decus
1016 990 1150 1053 icariotis

314 1091 508 1153 {niernum
530 1099 688 1169 conspecta
711 1090 826 1151 decus
850 1098 978 1152 manet.

212 1181 287 1265 ltem
310 1221 412 1264 versus
436 1201 497 1262 393
521 1201 584 1263 sine
608 1201 741 1262 molestia
765 1200 822 1262 nisi
845 1201 1033 1280 grammatica
1056 1209 1151 1263 exstat
1172 1200 1229 1263 ita:

314 1301 503 1380 Gramincam
525 1299 610 1361 viridi
631 1298 747 1361 foderet
769 1300 805 1361 de
828 1300 955 1380 caespite
977 1309 1103 1375 terram:

214 1415 272 1477 hoo
293 1421 354 1476 est:

939 1509 1026 1571 Hunc
1048 1517 1078 1572 et
1099 1510 1130 1571 in
1154 1511 1258 1572 orbem

231 1621 234 1628 ’
313 1609 449 1671 Destinat
471 1628 503 1670 ac
526 1608 596 1669 ferri
621 1608 760 1687 capulum
781 1607 917 1686 repetivit
939 1608 970 1669 in
992 1627 1080 1670 usum
1103 1607 1149 1689 (in
1170 1605 1312 1685 orsum‘l)

314 1706 501 1768 Gramineam
524 1705 610 1766 viridi
631 1706 707 1767 fodit
730 1715 760 1766 et
783 1706 818 1767 de
841 1707 971 1786 caespite
993 1714 1113 1769 terram.

212 1825 249 1884 At
270 1841 339 1883 vero
362 1822 476 1901 egregie
498 1822 530 1883 in
552 1841 580 1882 r.
597 1820 658 1881 272
686 1822 769 1883 furor
792 1821 823 1882 in
852 1822 933 1883 libris
957 1823 1063 1886 dicitur
1085 1821 1205 1885 audacia
1228 1821 1358 1903 Orphei:

312 1933 373 1995 Nec
394 1934 495 1995 timuit
516 1933 734 2013 Phlegethonta
755 1934 870 2008 furens,
893 1937 1064 1999 ardentibus
1088 1937 1188 1999 undis:

116 2055 121 2075 ¹
211 2046 268 2108 boc
290 2055 352 2107 est:
375 2046 509 2125 quamvis
531 2047 629 2107 undae
651 2047 801 2108 arderent.

295 2145 329 2205 lu
352 2163 440 2206 versu
463 2162 552 2223 porro
570 2142 630 2204 380
647 2146 727 2224 quod
743 2145 871 2224 llauptio
895 2146 1019 2207 debetur
1041 2150 1189 2208 tamenetsi
1198 2145 1358 2208 rarissime

210 2242 266 2322 legi
289 2243 365 2322 apud
382 2250 486 2321 poetas
503 2242 619 2304 monuit
633 2242 665 2302 L.
680 2242 840 2306 Muellerus
863 2245 898 2305 de
920 2264 954 2305 re
969 2254 1055 2306 metr.
1072 2264 1101 2325 p.
1117 2244 1179 2305 273
1196 2261 1258 2307 non
1275 2263 1358 2305 com-

97 2352 99 2356 ‘
211 2358 317 2422 parans
344 2341 392 2402 ille
419 2340 478 2401 nisi
505 2341 583 2403 Enni
605 2344 682 2402 Anu.
704 2361 730 2400 r.
754 2340 825 2415 512,
857 2361 924 2404 cum
954 2351 1055 2406 tamen
1089 2344 1243 2406 addendus
1280 2351 1359 2405 esset

211 2440 314 2502 Catulli
338 2438 409 2500 6811
424 2458 450 2499 r.
467 2438 516 2499 95.
561 2439 677 2501 Habent
699 2447 799 2501 autem
821 2439 888 2501 libri
910 2442 986 2503 iere:

310 2552 348 2612 Et
369 2560 504 2613 tamenut
526 2552 606 2614 vadis
630 2551 763 2613 dimittes
787 2553 888 2614 omnia
910 2553 1022 2630 ventis:

210 2684 285 2744 quae
308 2672 375 2727 nata
399 2683 435 2724 ex
456 2664 512 2725 hac
534 2664 679 2727 videntur·
694 2664 841 2744 scriptura
865 2664 1000 2744 (plenum
1022 2665 1122 2727 locum
1145 2663 1299 2740 exhibeolt

311 2777 369 2838 Sed
392 2776 594 2839 tolerabilibus
618 2777 695 2839 curis
717 2778 790 2838 baec
811 2777 971 2838 immemor
993 2778 1076 2839 audis

309 2876 347 2937 Et
369 2876 497 2936 lamenta
521 2877 600 2962 vagis
623 2875 754 2937 dimittes
777 2875 878 2937 omnia
900 2874 1011 2937 ventis!

310 2973 463 3051 Digredior
486 2992 640 3054 nunquam
662 2975 823 3035 rediturus.
868 2973 913 3035 Tu
937 2975 1001 3035 cole
1024 2975 1115 3036 fontis

309 3074 346 3133 Et
369 3073 469 3135 viridis
492 3090 651 3134 nemorum
674 3071 761 3135 silvas
784 3080 814 3134 et
835 3091 943 3153 pascua
966 3072 1052 3133 laeta.

308 3175 345 3233 At
367 3191 433 3234 mea
455 3172 576 3234 diffusas
598 3171 755 3251 rapiuntur
778 3171 854 3233 dicta
877 3189 931 3250 per
952 3187 1047 3230 auras.

208 3283 335 3345 Librarii
357 3303 416 3363 quo
439 3272 624 3363 peccaverint
645 3299 724 3344 unus
757 3290 872 3345 tantum
907 3283 996 3343 modo
1029 3282 1111 3342 locus
1143 3289 1203 3354 est:
1236 3282 1356 3364 scripsit

210 3381 288 3442 enim
312 3389 398 3460 poeta
421 3383 457 3443 de
480 3381 566 3443 turba
589 3400 691 3442 vocem
707 3381 847 3442 blandam
870 3389 1014 3460 sequente
1029 3398 1055 3439 v.
1073 3379 1135 3440 279
1149 3381 1223 3441 haee
1236 3381 1354 3460 potius:

308 3491 418 3553 Blanda
442 3511 513 3554 voce
536 3511 651 3572 sequax>
669 3493 789 3572 regione
810 3492 960 3553 insederat
983 3492 1115 3586 Orphei:

208 3606 352 3682 cepionem
379 3604 504 3666 codices.
549 3605 704 3665 Summam
727 3611 826 3664 autem
850 3601 1073 3682 aspretudinem
1096 3601 1230 3663 versibus
1245 3600 1307 3663 248
1325 3609 1355 3661 et

208 3698 269 3760 245
294 3702 405 3762 addidit
420 3703 566 3781 llauptius
590 3702 724 3782 quamvis
746 3701 776 3762 in
799 3702 891 3762 altero
915 3700 1005 3762 statui
1027 3706 1128 3779 posset
1151 3700 1229 3760 vocis
1251 3717 1354 3779 supere

207 3800 412 3880 pronuntiatio
436 3800 614 3880 correptior:
639 3800 712 3861 nibil
735 3801 814 3862 enim
838 3819 854 3861 a
876 3799 927 3861 tali
949 3799 1086 3860 violentia
1110 3799 1201 3878 magis
1224 3798 1354 3859 alienum

208 3917 295 3977 quam
320 3907 350 3959 et
376 3908 477 3960 sextus
500 3916 553 3977 pes
582 3898 746 3960 hexametri
775 3909 804 3959 et
833 3898 964 3977 quintus.
1010 3897 1041 3957 Si
1071 3897 1120 3958 tali
1149 3904 1254 3976 poetae
1281 3896 1353 3976 quid

207 3997 379 4059 conveniret
401 3997 492 4076 magis
508 4007 642 4059 curasset
664 3998 695 4058 in
712 4017 736 4058 v.
753 3995 815 4059 248
840 3997 889 4059 ubi
912 4014 998 4077 super
1019 3996 1087 4058 libri
1109 3995 1215 4056 vitiose
1233 4004 1355 4056 servant

207 4095 360 4157 edidisset:

307 4196 404 4274 Atque
425 4194 495 4256 alias
518 4194 574 4255 alio
598 4195 705 4255 densas
727 4213 837 4274 sequor
860 4194 975 4273 agmine
998 4202 1119 4254 turmas.

206 4308 288 4381 Quae
311 4310 409 4371 omnia
434 4309 561 4371 sirecte
585 4318 615 4370 et
637 4309 784 4389 disputata
807 4319 836 4370 et
858 4309 986 4371 iudicata
1010 4319 1092 4382 sunt,
1115 4327 1150 4370 eo
1174 4308 1271 4371 aerios
1293 4309 1353 4370 iam
1432 4373 1436 4377 ,

206 4407 356 4488 eripienda
379 4409 558 4471 Danaidibns
581 4418 610 4470 et
633 4408 766 4471 elidenda
788 4408 952 4488 Hauptiana
980 4408 1028 4469 illa
1050 4409 1136 4470 situla
1159 4407 1216 4468 erit
1239 4426 1264 4468 v.
1289 4407 1351 4469 245
