2902 5040
668 277 986 342 -122-.

217 471 322 513 naeum
340 449 442 522 3091),
470 449 521 511 ubi
548 467 644 529 neque
670 448 726 511 καὶ
752 451 931 536 χαλανδροο
957 456 1026 517 terri
1042 463 1137 536 potest
1164 477 1261 537 neque
1286 477 1358 520 vero

216 549 271 611 καὶ
294 545 468 628 χάλαδροι,
485 548 580 610 simile
600 549 711 611 inferre
726 553 946 631 temptaverim:
972 550 1123 633 τρυγόνες
1148 551 1177 618 τ’
1204 551 1358 620 ὀπισθό-

215 669 342 730 κεντροι
371 640 707 731 καδσχροίκανδοι
736 652 864 730 κωβιοί.
911 653 977 716 tntu
1003 654 1032 716 in
1059 655 1118 717 fine
1133 654 1223 717 metri
1247 655 1359 720 latinus

214 756 300 829 poete
317 765 378 809 non
394 747 504 828 posuit.
535 748 631 827 Atque
652 748 769 812 litterae
791 750 915 816 traditae
940 753 1018 817 banc
1042 753 1142 835 potius
1162 753 1358 835 scriptionem

215 857 244 908 ct
259 846 360 909 sensui
377 856 406 909 et
422 847 514 908 oculis
531 847 745 912 conciliabant:

314 990 468 1065 lubricus,
485 1001 514 1054 et
529 992 613 1073 spina
629 1011 746 1057 nocuus
761 1010 832 1055 non
848 993 952 1071 gebim
968 994 1045 1056 ulta

214 1162 271 1225 qua
299 1144 389 1207 etiam
415 1144 509 1225 magis
535 1151 708 1227 portentum
733 1146 811 1210 istud
837 1147 930 1210 lector
950 1166 1141 1228 expavescere
1165 1148 1281 1215 debeat
1314 1150 1358 1214 lle

214 1262 272 1306 usu
286 1245 433 1326 participii
454 1263 513 1307 aon
531 1246 609 1308 ultus
624 1245 707 1326 quasi
727 1244 766 1308 sit
786 1246 896 1308 laudus
910 1245 960 1325 (ct.
976 1245 1039 1310 nat
1056 1266 1080 1307 r.
1098 1247 1151 1323 26)
1173 1249 1281 1329 passivi
1300 1250 1358 1313 de·

213 1343 387 1406 liberantem
415 1345 532 1408 misisse
559 1345 594 1408 ad
610 1345 728 1409 Heroid.
745 1345 805 1408 Vlll
824 1343 882 1406 tto
907 1345 1035 1408 sufficiet
1060 1354 1112 1408 aut
1138 1347 1174 1410 ad
1195 1348 1295 1412 Heinsi
1320 1349 1358 1413 de

77 1456 80 1477 ¹
213 1461 301 1506 versu
316 1444 383 1506 blot
401 1445 450 1506 Vll
467 1445 486 1508 3
501 1444 654 1507 iudicium.
684 1443 821 1509 torreor
836 1462 910 1524 quae
937 1462 990 1506 rou
1017 1444 1046 1507 iu
1073 1446 1169 1525 mpite
1184 1447 1271 1519 metri
1287 1465 1355 1511 cer·

214 1543 296 1606 uitur
311 1544 347 1606 ad
362 1544 475 1625 piscem
491 1543 657 1624 pertinebat
671 1545 723 1625 qui
739 1560 877 1606 versuum
894 1543 975 1606 biatu
990 1543 1147 1608 intercidit.
1277 1602 1280 1609 .

297 1644 393 1724 Atque
408 1643 615 1722 edgobionem
632 1643 732 1706 aculeo
759 1643 926 1705 mittentem
953 1642 1032 1706 virtus
1057 1643 1115 1707 ism
1142 1643 1356 1725 lolliginem

214 1743 293 1806 virus
309 1743 425 1825 nigrum
441 1751 611 1823 portantem
625 1743 659 1806 in
675 1760 799 1822 corpore
814 1742 940 1821 scriptor
955 1741 1074 1815 adserit,
1101 1743 1179 1806 sicut
1193 1743 1228 1806 ad
1242 1745 1356 1825 sepiam

212 1843 413 1925 polypumque
439 1860 605 1906 venenosos
621 1835 802 1904 renen'osum
819 1840 977 1919 gobionem
992 1842 1168 1922 Oppianus·
1184 1842 1261 1906 Nota
1276 1843 1356 1908 enim

212 1942 372 2023 lolligiuem
403 1941 530 2024 positam
561 1941 762 2021 neglegentius
791 1958 871 2012 esse,
915 1940 1045 2021 ponique
1079 1941 1190 2023 sepiam
1219 1941 1357 2007 debuisse

213 2042 304 2119 (velut
320 2041 482 2123 Hesychius
502 2059 622 2122 quoque
643 2039 769 2120 explicat
793 2035 962 2111 τευθίδες·
990 2040 1136 2120 σηπίαι),
1162 2057 1231 2104 nam
1257 2042 1357 2122 sepiae

212 2141 331 2222 quidem
359 2159 412 2204 seu
438 2141 492 2204 riri
518 2141 579 2206 sire
609 2139 762 2220 sauguinis
778 2139 870 2202 meris
885 2139 967 2202 color
993 2139 1104 2217 nigor
1129 2149 1175 2203 est
1201 2140 1287 2204 cuins
1311 2144 1356 2205 rei

212 2248 304 2304 testes
329 2241 471 2310 advocare
498 2241 603 2315 taedet,
636 2245 740 2303 contra
773 2238 910 2316 lolliginis
936 2238 1099 2301 subrubere
1125 2239 1278 2304 videbatur
1293 2240 1355 2324 Op·
1423 2293 1425 2297 ,

209 2341 297 2424 piano
314 2349 392 2403 teste
408 2341 446 2401 lll
465 2340 537 2402 167:
561 2356 599 2401 en
619 2339 649 2401 in
671 2356 804 2401 errorem
820 2337 988 2418 Oppianum
1004 2337 1174 2401 Aristoteles
1189 2339 1352 2404 abduxerat

210 2441 262 2523 qui
288 2440 384 2522 ipsum
412 2439 513 2521 potius
539 2437 648 2500 rnimtl
672 2434 835 2498 subrubere
860 2436 981 2515 scripsit
1008 2437 1125 2513 (Athen.
1151 2435 1277 2516 enecti
1299 2441 1354 2503 sed

209 2540 312 2603 nescio
328 2555 400 2601 num
417 2538 552 2600 hocloco
568 2534 789 2600 rescribendum
810 2531 920 2597 sitrcd
937 2531 975 2596 dd
989 2531 1104 2617 χρῶμά
1122 2532 1213 2600 ἔστιν
1231 2531 1354 2620 ὑπέρο-

211 2639 295 2721 dccc
321 2632 338 2701 δ
369 2632 471 2701 nott
480 2659 494 2711 ς
521 2636 597 2699 sicut
621 2635 726 2698 eodem
742 2634 806 2697 loco
822 2634 856 2696 ad
873 2635 988 2706 τευθίς
1004 2653 1113 2697 nomen
1128 2636 1351 2717 scriptumest:

210 2733 277 2818 dxci
293 2734 331 2801 dd
346 2734 401 2802 aad
419 2733 525 2800 totto
540 2732 575 2799 dv
590 2733 628 2824 τῇ
643 2728 757 2818 μύτιδι
774 2728 812 2797 ori
827 2731 955 2816 μέλανα
970 2728 1044 2797 du'
1061 2730 1174 2817 ὠχρόν.

296 2836 444 2901 trelius
460 2834 579 2900 nomine
594 2853 648 2898 suo
664 2843 724 2896 tam
742 2832 867 2896 delormi
883 2833 1065 2912 condignus
1081 2853 1147 2896 esse
1157 2843 1262 2915 poetae
1273 2835 1353 2898 risus

209 2944 269 3014 eutr
295 2953 404 3018 neurpe
420 2941 509 3018 post
535 2934 790 3015 acipenserem
807 2933 993 3014 praecipuam
1008 2932 1085 3013 epud
1101 2933 1251 2996 Romanos
1265 2953 1353 3016 prae-

210 3048 256 3103 tor
278 3038 363 3121 lupos
378 3034 583 3100 auctoritatem
608 3028 705 3097 asellis
721 3033 811 3098 luisse
832 3040 863 3094 et
878 3031 1030 3094 Cornelius
1045 3032 1144 3113 Nepos
1167 3041 1197 3096 et
1210 3032 1352 3099 Laberius

212 3145 298 3221 prosto
313 3134 460 3201 tradidere
478 3132 563 3211 (l’lirr.
580 3131 620 3195 lll
635 3131 703 3211 ss1lt
724 3139 812 3213 atque
833 3132 887 3195 hac
905 3131 1031 3194 fortasse
1054 3131 1259 3195 observatione
1273 3133 1352 3196 invi-

211 3245 289 3300 tatus
304 3235 339 3299 ed
356 3235 479 3301 asellum
496 3232 527 3297 iu
541 3251 565 3295 v.
582 3230 641 3294 134
655 3231 856 3311 acipenserem
872 3231 971 3312 ipsum
985 3238 1071 3310 poete
1087 3229 1229 3294 adiunxit.
1259 3231 1352 3295 Sues

210 3354 274 3399 orso
305 3334 394 3400 ituros
425 3332 542 3397 aliunde
573 3338 760 3412 compertum
791 3349 850 3394 nou
873 3329 985 3393 babeo.
1030 3329 1134 3392 Curis
1163 3330 1280 3393 sinuata
1306 3332 1352 3393 rel

210 3434 327 3501 slrtooru
359 3432 497 3499 sollemni
527 3437 704 3496 ornamento
736 3438 935 3504 memoratum
967 3429 1007 3491 ita
1030 3421 1214 3509 ααμπδλαν
1242 3429 1352 3494 mares

211 3541 296 3619 pionte
312 3532 390 3617 eptud
407 3531 516 3596 dtltun.
536 3529 625 3593 tuen
642 3528 738 3608 (eeu)
760 3536 789 3590 et
804 3527 1024 3592 Anaxandrides
1044 3527 1113 3589 ibid.
1132 3528 1220 3590 ldbd
1236 3537 1267 3592 et
1278 3529 1352 3609 Epi-

210 3632 349 3701 ulrortuos
370 3630 458 3697 tuot
485 3630 632 3700 dixerunt,
660 3626 778 3712 κυρτὴν
804 3625 1144 3709 Ophebonbis106l3
1170 3634 1257 3706 atque
1282 3628 1351 3707 quic

210 3731 353 3801 trrttulbue
370 3729 474 3813 scurrilia
492 3728 556 3795 telis
573 3728 631 3793 vise
648 3735 703 3802 est,
730 3727 765 3789 ed
789 3723 920 3809 νύμφην
944 3725 1023 3788 illam
1040 3724 1155 3788 deferor
1170 3743 1259 3804 quam
1272 3726 1352 3791 inter

209 3826 465 3923 μολαοδοτρακα
481 3828 664 3913 Speusippus
681 3823 717 3890 δν
732 3824 870 3909 δευτέρῳ
882 3820 1024 3907 Ὁμοίων
1041 3823 1211 3886 exhibebat:
1235 3825 1351 3889 namin

210 3931 351 4001 alitrllltuu
368 3928 590 3995 euurrroretiouu
606 3926 661 3990 hac
677 3925 797 4002 (Athen.
816 3924 918 4005 105B)
939 3920 1080 4004 κάρανον
1101 3917 1248 3988 docendo
1268 3920 1352 4006 νδμ

209 4052 276 4123 (μην
297 4026 415 4118 doctor
437 4028 593 4113 καρκίνον
617 4020 787 4109 πάγουρον
803 4025 869 4106 quie
888 4023 1031 4087 similium
1047 4021 1220 4086 animalium
1235 4023 1350 4088 nudum

210 4133 395 4201 «territaretur
411 4134 527 4213 praeitor·
541 4127 680 4193 cumbum
702 4133 730 4188 et
753 4123 898 4206 squillam,
918 4130 998 4203 patet
1013 4121 1131 4203 quidem
1147 4120 1176 4183 id
1192 4122 1351 4202 qnodnon

211 4231 324 4321 prrlrrrus
352 4227 434 4295 tldoo
462 4244 515 4313 pro
542 4221 681 4312 κάρανον
706 4224 914 4305 reponendum
940 4241 1004 4284 esse
1027 4217 1186 4302 κάραβον,
1211 4220 1350 4302 squilli-

210 4343 308 4401 otttsrrt
326 4331 415 4399 latero
438 4326 573 4412 tusrticor
599 4324 654 4389 sub
680 4316 792 4408 νδμφη
819 4322 939 4387 nomine
956 4320 1195 4402 quandoquidem
1220 4321 1350 4384 feminee
1440 4400 1442 4404 Ι

211 4433 359 4520 ptttllttte
374 4430 511 4499 tltttttute
526 4427 647 4495 sinuoso
665 4424 784 4490 bestiole
799 4422 904 4486 similis
925 4419 1018 4484 rideri
1040 4418 1124 4488 facile
1144 4425 1292 4500 potuerat.

80 4714 222 4758 A„
