2902 5040
671 313 916 379 -132-

221 490 272 553 sed
299 491 383 552 cuius
397 489 458 552 sint
473 483 718 551 ἇσπαλιευτιιιὰ
739 484 787 551 δι’
810 485 901 552 ἐπῶν
922 486 1039 570 βιβλία
1061 485 1097 551 d'
1119 485 1174 550 acal
1201 486 1363 570 Παρθικὰ

220 584 264 668 β’,
291 589 429 652 Seleucus
455 588 511 650 hos
532 603 593 650 nou
607 588 683 650 duos
697 589 749 650 sed
764 606 859 650 unum
874 607 940 651 esse
955 586 1079 649 celerius
1105 586 1226 661 diceres,
1253 605 1362 667 quam

220 707 308 769 quam
323 695 357 751 ut
371 689 448 750 idem
472 687 509 749 de
532 688 635 750 eadam
661 706 694 749 ra
719 694 748 750 et
768 687 917 768 poeticum
933 695 963 748 et
977 687 1113 768 pedestre
1128 705 1202 767 opus
1218 687 1362 748 conderet

219 788 349 850 accidere
362 806 432 850 sane
446 793 569 868 poterat.
614 787 720 860 Quem,
746 787 856 867 quippe
870 786 907 848 ab
922 787 1080 849 llomerico
1095 786 1252 858 diversum,
1279 786 1360 866 quod

218 885 372 949 Mauritius
384 885 565 948 Schmidtius
580 885 612 946 in
627 886 771 965 Philologi
786 893 858 946 tom.
869 885 907 946 lll
922 885 973 948 ubi
988 886 1025 947 de
1035 885 1165 948 Seleucis
1179 885 1237 964 egit
1253 884 1360 946 Seleu-

218 1004 285 1047 cum
311 985 536 1063 grammaticum
563 984 663 1047 Tiberi
684 985 869 1065 imperatoris
886 984 1085 1047 convictorem
1107 984 1277 1062 graeculum
1293 1001 1360 1044 essa

218 1084 394 1147 coniectarit
409 1085 449 1165 (p.
463 1083 541 1159 4433
556 1083 592 1145 cl.
606 1084 728 1146 Suetou.
740 1083 804 1145 Tib.
817 1083 880 1159 56),
895 1083 985 1145 fidem
999 1084 1050 1145 tali
1064 1083 1246 1145 coniecturae
1262 1099 1360 1162 neque

217 1202 340 1264 prorsus
355 1182 463 1244 hahere
479 1200 577 1263 usque
595 1201 664 1245 vero
690 1182 830 1262 derogare
854 1182 959 1245 ausim.
1001 1183 1032 1245 Si
1057 1182 1156 1255 stabit,
1181 1181 1273 1243 habes
1297 1181 1358 1242 iam

217 1301 285 1345 ecoe
299 1281 441 1344 maritimi
456 1281 622 1361 argumenti
644 1288 835 1343 tractatorem
848 1280 922 1342 falso
938 1280 1041 1343 Ouidio
1067 1281 1168 1343 statim
1193 1279 1245 1360 qui
1269 1287 1358 1341 aute-

217 1382 348 1444 cesserit.
393 1382 430 1442 Et
456 1381 576 1462 quidem
604 1379 744 1461 quattuor
773 1399 835 1442 uon
861 1379 961 1441 minus
990 1377 1080 1441 libros
1109 1379 1167 1441 iste
1195 1377 1359 1458 complerat

217 1490 251 1543 ut
277 1481 336 1543 iam
366 1479 550 1560 Oppianeum
592 1498 667 1560 opus
695 1496 758 1540 nou
798 1478 886 1540 nimis
922 1478 1140 1558 inexpectatum
1176 1477 1358 1539 succederet.

217 1577 301 1652 Quod
335 1597 403 1641 vero
441 1577 530 1640 etiam
557 1575 719 1661 Παρθικὰ
745 1577 900 1657 scripsisse
929 1577 1069 1639 Seleucus
1098 1579 1206 1649 fertur,
1236 1568 1357 1638 alteram

217 1677 314 1757 operis
344 1677 567 1757 inscriptionem
596 1677 696 1739 nescio
723 1695 795 1737 uum
823 1696 859 1737 ex
884 1675 961 1737 varia
988 1675 1096 1737 Suidae
1119 1674 1245 1737 lectione
1272 1693 1356 1756 παρ-

216 1773 338 1837 decad
362 1776 504 1838 extricare
529 1775 635 1852 liceat,¹
650 1775 758 1856 quippe
784 1769 1022 1856 παρθονικικά,
1050 1773 1183 1853 quamvis
1208 1771 1358 1837 Luciauus

215 1872 308 1936 rideat
322 1873 373 1956 (cl.
388 1874 508 1937 Luciani
523 1874 560 1937 de
574 1875 661 1937 scrib.
678 1874 780 1935 histor.
797 1871 860 1953 32).
1262 1947 1265 1957 y

300 1974 395 2054 Atque
421 1973 466 2036 his
492 1974 631 2036 omuibus
651 1974 676 2035 si
698 1972 770 2034 nihil
786 1973 874 2044 aliud,
902 1972 931 2033 id
956 1983 1056 2033 tamen
1072 1970 1189 2033 abunde
1205 1971 1358 2042 evicimus,

215 2090 278 2133 non
303 2091 387 2134 suam
407 2072 492 2133 Ovidi
512 2072 713 2135 simulatorem
735 2071 814 2152 quod
831 2071 944 2132 Plinius
969 2071 1126 2133 somniarit
1153 2069 1204 2130 sed
1230 2069 1357 2131 aliorum

215 2172 379 2234 doctrinam
394 2172 456 2233 suis
471 2171 733 2253 comprehendisse
748 2170 891 2233 versibus.

763 2430 812 2491 lx.

298 2569 359 2630 lam
375 2586 444 2630 vero
459 2567 496 2630 ad
512 2567 639 2631 Plinium
655 2567 784 2631 animum
802 2567 972 2647 dirigamus.
1002 2569 1039 2630 Et
1053 2568 1172 2649 quidem
1188 2568 1223 2630 ad
1240 2585 1354 2631 nouum

215 2668 322 2732 librum
358 2667 596 2749 componendum
631 2667 766 2730 nondum
801 2668 985 2730 cousuluisse
1015 2669 1144 2731 Plinium
1177 2664 1354 2730 Ouidianum

214 2786 329 2850 poema,
349 2767 401 2828 sed
417 2766 452 2828 ad
468 2766 576 2830 librum
593 2766 714 2829 demum
735 2766 921 2828 tricesimum
940 2768 1066 2830 alterum
1082 2768 1156 2830 adeo
1172 2768 1292 2848 planum
1308 2781 1356 2830 ast

213 2873 243 2929 et
267 2883 303 2927 ex
327 2863 442 2927 ratione
467 2883 526 2946 qua
551 2865 600 2927 hic
625 2864 777 2928 inducitur
802 2875 832 2927 et
858 2866 927 2928 inde
953 2868 1032 2947 quod
1059 2871 1096 2929 ue
1116 2867 1194 2930 inter
1219 2875 1355 2930 auctores

211 2965 330 3046 quidem
361 2963 427 3026 libri
457 2964 530 3027 noui
559 2965 674 3044 positus
704 2974 762 3039 est,
798 2975 831 3028 ut
859 2965 1057 3028 instituendae
1087 2966 1159 3029 noni
1188 2965 1257 3027 libri
1285 2984 1355 3028 cum

210 3073 346 3144 poemate
372 3064 586 3144 comparationi
608 3065 739 3126 chartam
766 3065 928 3128 concedere
947 3065 1089 3140 nolirnus;
1116 3066 1141 3126 si
1168 3065 1233 3145 quis
1252 3073 1355 3127 umen

211 3162 337 3235 dubitet,
364 3163 448 3225 adeat
472 3180 547 3243 quae
574 3164 609 3225 de
635 3163 691 3225 bac
716 3181 749 3226 re
770 3164 937 3244 composuit
951 3164 1084 3244 Zingerle
1098 3165 1115 3225 l.
1133 3165 1151 3226 l.
1167 3183 1196 3244 p.
1214 3163 1276 3224 114
1288 3182 1355 3245 sqq.

210 3259 335 3322 Planum
355 3259 445 3323 simul
460 3269 506 3322 est
521 3277 560 3322 ue
575 3261 754 3343 Chrysippea
777 3263 895 3343 quidem
911 3264 1038 3325 Plinium
1065 3262 1218 3326 lectitasse.
1249 3263 1354 3345 Neque

210 3358 402 3440 philosophus
429 3360 460 3420 iu
482 3367 636 3421 auctorum
659 3361 723 3423 eius
745 3361 890 3424 indicibus
912 3363 1010 3424 locum
1034 3362 1153 3443 accepit.
1199 3361 1355 3423 Omittitur

210 3466 310 3520 autem
335 3478 351 3520 a
376 3458 472 3520 Plinio
499 3458 658 3522 Halieutica
686 3459 735 3522 ubi
761 3461 890 3542 excerpit
913 3461 1031 3532 (xxxu
1049 3462 1099 3537 12)
1125 3462 1277 3542 polypus
1301 3461 1354 3541 qui

210 3566 306 3619 mutet
331 3559 460 3620 colorem
487 3557 563 3638 (llal.
585 3556 653 3635 33);
690 3579 778 3640 quam
814 3580 877 3623 rem
904 3561 1088 3623 tritissimam
1116 3579 1179 3622 nou
1215 3581 1250 3622 ex
1286 3561 1352 3622 istis

209 3656 320 3719 hauriri
349 3657 481 3720 lontibus
502 3675 632 3721 'necesse
660 3659 727 3733 luit,
756 3677 854 3740 neque
878 3660 946 3722 ideo
975 3660 1006 3720 in
1035 3678 1116 3723 nono
1145 3660 1221 3723 libro
1250 3659 1288 3721 ab
1315 3679 1352 3721 eo

209 3771 268 3817 non
294 3756 389 3837 posita
416 3763 460 3819 est
474 3758 493 3832 ξ
509 3755 566 3830 37;
580 3757 724 3821 nimirum
741 3767 771 3820 et
785 3759 898 3821 Plinius
914 3767 943 3821 et
959 3758 1139 3841 Chrysippus
1161 3759 1254 3822 secuti
1280 3767 1352 3822 sunt

208 3856 396 3918 Aristotelem
419 3875 448 3936 p.
471 3855 576 3918 llllll
603 3857 640 3918 10
668 3861 723 3934 (en
748 3877 802 3940 quo
825 3860 963 3940 pleraque
993 3858 1065 3922 dicit
1090 3859 1190 3921 Cicero
1216 3862 1235 3936 ξ
1263 3859 1353 3936 125);

209 3960 297 4033 atque
323 3956 402 4036 quod
432 3956 509 4036 apud
536 3956 724 4019 Aristotelem
755 3966 801 4019 est
829 3955 995 4041 φοβηθεὶς
1025 3958 1136 4022 Plinius
1165 3958 1295 4022 reddidit
1319 3961 1352 4020 ιἰι

208 4063 296 4126 mnu,
337 4062 424 4136 poeta
458 4054 545 4116 sicuti
579 4072 635 4116 nos
670 4056 850 4119 coniecimus
881 4075 1010 4137 pressam
1046 4065 1077 4119 at
1112 4057 1200 4120 verba
1229 4053 1280 4130 οἷς
1309 4053 1351 4120 ἂν

209 4145 374 4236 πλησιάζῃ
405 4149 521 4224 λίθοις
556 4171 632 4215 unus
662 4161 749 4234 poeta
779 4154 910 4235 repetiit:
944 4158 972 4216 ei
999 4173 1081 4236 quem
1114 4157 1228 4237 configit
1254 4153 1350 4232 (beo).
1379 4161 1383 4167 '

208 4250 318 4313 Eadem
344 4251 380 4312 de
400 4269 487 4313 causa
508 4250 544 4312 ab
566 4260 704 4333 excerpto
730 4253 779 4315 illo
805 4253 904 4333 sepia
929 4253 1012 4315 abest
1038 4272 1112 4333 quae
1139 4253 1196 4315 iam
1223 4254 1350 4318 exhibita

209 4355 271 4409 erat
285 4347 326 4409 lll
341 4349 390 4411 84.
421 4350 477 4410 Per
492 4347 583 4411 mem
604 4350 670 4427 lihri
697 4353 767 4414 noui
784 4351 927 4414 mirabilia
948 4352 1089 4413 nonnulla
1105 4352 1216 4414 Plinius
1231 4354 1350 4435 scripsit

208 4463 270 4508 uon
294 4448 476 4510 dissimiliter
490 4448 675 4531 Chrysippeis
702 4451 895 4526 conformata,
917 4451 949 4512 iu
971 4451 1067 4532 iisque
1093 4452 1285 4515 memorabile
1303 4460 1350 4515 est
