2902 5040
618 317 666 330 --
714 284 779 347 178
826 319 869 332 -

176 456 280 517 amans
304 456 434 518 lamirus
477 456 552 520 ilino
574 464 673 520 autom
696 476 785 537 porro
808 459 968 538 explicatur
990 458 1059 538 quid
1083 459 1122 522 sit
1143 459 1214 523 illud
1237 461 1315 541 quod

176 554 336 634 Hesychius
352 553 455 616 scribit
474 551 648 639 λαρινοιῖον
669 553 799 639 κύρτον*
823 553 855 618 oi
880 551 986 629 οἱλοοῒς
1006 554 1063 620 τὸν
1084 554 1120 620 ἐκ
1142 554 1315 640 dendorp—ai

174 653 292 732 pipam
314 653 425 734 quippe
448 649 567 736 κύρτον
582 654 709 716 eundem
726 654 878 735 Oppianus
895 675 1014 735 quoque
1029 657 1092 717 loco
1113 656 1180 735 ipso
1204 657 1256 736 qui
1279 658 1315 720 de

173 751 266 811 larino
289 762 335 814 est
358 763 387 815 et
409 754 518 833 cogitat
541 754 657 814 etiosa
680 753 838 826 describit,
866 755 933 833 quia
956 754 1001 815 ille
1024 773 1082 833 quo
1105 753 1313 833 pisciculorum

173 849 357 912 minutorum
381 871 488 932 magna
504 852 587 932 eopia
606 853 738 932 capiatur
760 861 789 914 et
813 870 936 930 magnus
959 851 1082 915 debebat
1105 870 1169 915 esse
1192 860 1221 913 et
1242 852 1315 914 snb-

171 946 263 1008 tilitar
291 966 394 1011 nexus.
438 951 475 1013 Et
505 953 560 1012 lroc
588 952 706 1031 quidem
730 960 830 1013 contra
853 950 996 1013 Schmidti
1026 950 1248 1012 adnotationem
1278 951 1312 1013 ml

170 1043 297 1125 Hesyohi
319 1045 453 1131 λοέρονος
474 1050 656 1130 disputatum
679 1058 734 1113 est.

254 1145 314 1207 lam
338 1147 411 1211 haec
432 1159 608 1230 sequantur:
633 1149 795 1229 'collyris
819 1148 908 1224 (varia
924 1145 1011 1209 lectio
1032 1144 1158 1223 collyris,
1179 1145 1312 1225 ονλλννλο)

168 1243 367 1306 asellorum
402 1249 546 1326 generis
575 1248 610 1309 ni
638 1248 753 1309 minor
775 1254 894 1319 esset3
929 1241 1077 1324 κολλορὶς
1099 1261 1198 1322 neque
1220 1243 1311 1324 piscis

168 1341 319 1404 dicebatur
352 1364 447 1427 neque
481 1348 523 1407 vel
557 1366 611 1426 pro
644 1365 721 1426 pane
762 1345 817 1405 uisi
855 1344 925 1404 locis
958 1342 1165 1405 abiectioribus
1198 1342 1310 1405 dictum

167 1442 305 1503 cernitur.
350 1445 392 1506 Ne
425 1456 534 1516 tamen,
559 1445 717 1508 subvenias
751 1442 935 1522 corruptelae
970 1441 1154 1520 Hesychiano
1189 1441 1310 1503 nomine

165 1537 311 1619 κλρολοςς
343 1560 412 1604 nam
435 1545 498 1624 ipse
529 1544 704 1605 callariae
727 1541 844 1621 agnitus
867 1541 924 1602 iarn
948 1558 963 1601 a
987 1539 1119 1602 Gesnero
1143 1547 1198 1600 est.
1245 1539 1309 1612 Qua

166 1636 201 1697 de
224 1639 386 1718 scriptione
408 1650 441 1702 nt
464 1661 501 1703 ne
523 1643 600 1703 forte
622 1643 653 1702 in
674 1639 860 1702 dubitatione
881 1638 1022 1717 persistas
1044 1637 1110 1699 vide
1129 1636 1308 1715 Hesychium
1353 1713 1355 1717 Α

165 1738 313 1814 praeclare
346 1741 584 1820 conspirantem:
622 1736 780 1819 νοολοορίοος
819 1733 934 1813 ἰχθύς,
969 1731 988 1798 o‘
1022 1729 1204 1806 ὀνίσκος,
1240 1753 1307 1797 com

163 1844 263 1896 tamen
286 1838 372 1898 etiam
396 1839 517 1900 tenuior
540 1837 672 1901 nominis
699 1855 792 1898 sonus
815 1834 960 1914 Hesycbio
989 1834 1064 1895 bene
1092 1840 1181 1893 notus
1204 1832 1306 1893 fuerit:

162 1930 310 2017 λαζλνης·
348 1935 543 2019 χοιραδρλας·
580 1935 761 2016 νοιλλοορίας
794 1930 902 2012 ἰχθύς.
958 1931 1070 1994 Plinius
1093 1931 1180 1990 etiam
1204 1929 1243 1989 IX
1266 1930 1301 1991 til

162 2033 259 2107 (cuius
283 2034 338 2095 loci
363 2036 495 2098 doctrina
518 2037 634 2109 eadem,
669 2053 725 2096 nec
758 2042 856 2094 tamen
892 2032 965 2094 alter
1000 2051 1034 2091 ex
1067 2029 1158 2092 altero
1192 2029 1304 2101 fluxitl:

161 2130 315 2193 asellorum
348 2134 404 2194 duo
436 2153 550 2214 penem,
585 2134 680 2196 collini
708 2132 766 2206 (rel
792 2131 902 2210 oolla'ra')
929 2132 1062 2192 minores.
1107 2129 1149 2191 lta
1183 2127 1303 2205 quidem

161 2227 241 2299 libri3
274 2232 355 2311 atqui
389 2233 496 2294 mutari
519 2251 622 2311 graeca
645 2250 696 2294 ore
726 2233 928 2293 Romanorum
958 2245 1029 2291 sane
1061 2234 1209 2306 poteraut,
1243 2245 1304 2289 non

162 2336 278 2404 poterat
300 2331 388 2392 simul
404 2331 511 2393 collirio
525 2331 691 2410 singularis,
712 2330 802 2390 simul
818 2328 913 2390 oolliri
926 2327 1045 2412 pluralis
1061 2324 1167 2386 ellerri.
1202 2323 1304 2402 ltaque

159 2423 298 2485 callariae
319 2427 351 2487 in
374 2428 448 2490 libro
472 2448 552 2491 nono
574 2430 648 2490 duce
671 2428 861 2489 lliooardiano
883 2428 958 2489 libro
980 2423 1197 2486 restituendum
1221 2432 1276 2484 est

245 2522 371 2604 Lepris
405 2543 515 2588 nornen
549 2526 735 2587 Detleisanus
769 2527 901 2606 reposuit
938 2522 1070 2604 quamvis
1103 2538 1212 2585 nomeu
1247 2521 1304 2583 boc

159 2620 296 2700 aquatilis
330 2642 390 2686 non
426 2643 490 2687 esse
528 2625 671 2687 monitus.
726 2626 760 2686 lu
791 2623 1001 2702 bambergensi
1037 2623 1115 2684 iuxta
1149 2629 1304 2698 ponuntur

158 2719 277 2781 lucerua
305 2721 413 2802 etopus,
449 2724 476 2783 in
511 2724 634 2803 reliquis
667 2724 785 2785 λνοονοο
812 2723 897 2804 lepm'a
925 2720 1100 2801 (Vossianus
1125 2717 1253 2798 imptis),
1287 2738 1302 2779 a

158 2817 269 2896 Silligio
302 2836 372 2882 sana
401 2821 514 2882 ratione
549 2824 681 2886 tuomum
713 2823 798 2902 lepor,
837 2839 935 2900 neque
968 2819 1048 2885 euim
1081 2816 1211 2879 alienum
1247 2817 1303 2881 bac

157 2925 323 2978 ostrearum
345 2938 440 2997 genus
462 2931 509 2982 est
530 2922 566 2982 ab
589 2921 687 2983 indice
708 2929 821 2983 nostro.
860 2919 973 2982 'lamen
994 2915 1107 2996 requiri
1128 2931 1188 2994 quo
1211 2915 1300 2979 otiam

156 3011 242 3093 lepras
271 3016 356 3078 lectio
391 3019 600 3097 explanaretur
629 3020 718 3080 lanus
751 3017 900 3098 perspexit
932 3015 1083 3094 ediditque
1119 3012 1300 3077 rectissima:

154 3111 274 3175 luseram
294 3114 417 3195 lelepra's.
461 3115 504 3180 lta
528 3119 609 3180 euim
632 3117 809 3197 Hesychius:
844 3112 997 3195 λολεπρὶς
1032 3108 1131 3190 ἰχθὺς
1158 3105 1300 3193 ποιὸςὴ

156 3208 338 3295 καλουμένη
364 3216 471 3296 φυκίς.

240 3310 344 3391 Neque
377 3313 462 3376 aliter
494 3316 640 3394 agendum
675 3333 742 3377 esse
772 3313 809 3373 de
832 3311 1002 3376 nominibus
1024 3307 1152 3370 arbitror
1173 3325 1298 3388 corrup·

154 3407 268 3469 tissime
300 3411 415 3472 traditis
448 3413 500 3475 sed
528 3413 560 3474 in
583 3413 791 3491 Bambergensi
824 3412 898 3474 libro
921 3407 1103 3490 planioribus
1126 3406 1190 3466 bis:
1221 3405 1298 3469 solos
1389 3488 1391 3494 Ι

152 3510 280 3569 aciamus
301 3510 480 3586 scamonium
502 3513 580 3573 unde
604 3512 685 3573 enim
708 3510 783 3572 solor
805 3510 884 3571 nasci
909 3507 1039 3589 potuerit
1054 3503 1220 3569 ridendum
1242 3513 1296 3565 est.

153 3602 281 3665 Obvenit
295 3606 496 3686 Hesychiauns
513 3602 641 3687 σᾶλαγξ
663 3606 761 3688 ἰχθὺς
783 3603 931 3690 dyo-idm
952 3607 1051 3684 itaque
1067 3600 1296 3683 probabiliorem

153 3712 233 3764 certe
248 3706 463 3767 correctionem
477 3708 530 3770 bac
546 3726 611 3770 mea
627 3709 698 3789 tingi
710 3710 756 3770 rix
769 3708 895 3790 poterit:
916 3704 1013 3767 solon.
1025 3705 1146 3765 solome.
1158 3699 1295 3762 sciodeus.

152 3803 236 3880 Apud
248 3802 424 3883 Hesychium
434 3813 601 3887 autemquo
610 3808 675 3869 iure
686 3809 760 3871 ialso
768 3808 912 3887 scriptum
921 3796 1051 3879 ἀγαθὸς
1059 3816 1123 3861 esse
1132 3797 1294 3861 Schmidtio

151 3900 245 3960 risum
269 3902 392 3963 sitnon
427 3922 589 3985 assequ0r3
622 3916 701 3968 certe
734 3907 844 3968 ibidem
878 3903 914 3967 ad
945 3899 1055 3979 ἕχτναο
1082 3896 1295 3976 scriptumest

153 3992 235 4067 ζῶον
257 3998 449 4063 θαλάσσιον
470 3999 681 4084 ἐδώδιμον,
703 4007 740 4067 ad
761 3997 878 4084 λύχνος
900 4003 971 4064 item
989 3993 1087 4076 ἰχθὺς
1109 3991 1293 4068 κάλλιστος,

150 4094 180 4154 in
205 4100 335 4177 catalogo
359 4100 435 4162 Plini
457 4100 493 4162 ad
515 4101 661 4164 citharum
684 4105 868 4165 rhomborum
883 4101 999 4180 ‘poneris
1018 4095 1168 4179 possamus.

176 4215 178 4220 ¹
235 4196 293 4256 lam
329 4216 398 4258 vero
432 4198 496 4257 ride
530 4200 678 4261 audaciam
717 4220 830 4276 mesm3
867 4214 990 4279 prorsus
1027 4178 1142 4255 norim·
1173 4189 1292 4269 aliquod

148 4309 259 4352 nornen
275 4294 329 4354 tibi
346 4295 493 4372 effingam.
518 4295 590 4356 Nam
604 4301 735 4378 pepm‘des
749 4307 829 4360 certe
844 4298 915 4358 illud
931 4297 992 4368 int
1007 4291 1065 4350 150
1082 4296 1111 4349 ct
1124 4287 1292 4351 inauditum

149 4392 272 4452 omnino
303 4402 333 4454 et
358 4393 562 4474 inexplicabile
585 4398 746 4474 genuinum
769 4407 873 4477 putare
897 4396 963 4477 quis
987 4400 1117 4455 mentem
1146 4382 1290 4449 inducat?
