2902 5040
661 285 904 348 -160-

214 469 316 525 eontra
349 480 463 525 morem
497 481 585 524 suum
620 462 708 525 etiam
741 462 778 523 de
799 471 905 524 natura
927 479 1031 523 eorum
1054 461 1287 542 disputationem
1310 479 1360 522 re-

213 560 359 640 nintegras
390 568 424 622 ut
456 560 706 641 complementum
730 560 787 621 hoc
810 579 875 621 esse
908 559 976 622 libri
1004 560 1076 622 noni
1098 561 1184 639 plane
1207 565 1357 639 appareat.

214 658 257 719 nd
273 659 353 738 quod
377 659 446 739 quid
470 659 648 739 compellere
664 658 793 720 Plinium
810 659 940 739 potuerit
955 667 1073 739 praeter
1087 666 1245 721 auctorum
1261 661 1359 720 noso·

211 774 279 817 rum
295 763 385 837 atque
399 765 463 819 tum
479 777 585 820 recens
600 764 822 837 compertorum
838 766 991 819 recentem
1014 756 1171 819 lectionem
1185 773 1246 818 non
1262 756 1358 818 video.

212 856 431 935 vituperandus
452 856 508 918 sibi
530 854 686 917 videbatur
709 855 794 917 Ovidi
817 855 972 918 clarissimi
1005 856 1042 917 de
1071 855 1200 935 piscibus
1223 855 1358 916 carmine

212 954 345 1032 neglecto
374 973 469 1035 nuper
491 954 601 1035 qnippe
622 973 657 1015 eo
682 954 783 1015 Tomis
816 954 987 1034 adportat03
1019 955 1078 1016 iam
1112 953 1267 1016 occasione
1290 954 1357 1015 data

212 1051 432 1132 excerpendum
456 1053 576 1115 curavit.
622 1053 679 1114 Sed
709 1069 771 1114 non
796 1052 956 1115 llalientica
978 1060 1106 1114 tantum.
1150 1051 1280 1112 Mentem
1304 1052 1359 1113 ad-

210 1159 308 1212 vertas
324 1151 411 1213 etiam
427 1152 463 1213 ad
479 1151 535 1213 hoc
549 1151 628 1231 quod
643 1150 750 1211 11111111
763 1149 858 1231 tsqq.
882 1152 995 1213 multus
1010 1152 1121 1213 Plinius
1137 1151 1174 1212 de
1189 1149 1358 1212 ecbeneidis

211 1249 338 1311 mirabili
372 1259 477 1336 natura
510 1259 554 1312 est
587 1249 672 1329 quasi
693 1249 732 1310 de
754 1268 788 1311 ea
812 1251 842 1310 in
866 1268 946 1311 neno
970 1249 1044 1311 libro
1067 1255 1085 1326 d
1107 1249 1149 1311 79
1171 1266 1234 1310 aon
1256 1248 1357 1328 egerit.

211 1349 306 1427 Atque
329 1347 360 1409 in
384 1333 464 1410 nono
487 1347 564 1410 libro
587 1348 752 1412 secundnm
776 1348 962 1410 Aristotelem
984 1348 1057 1410 haec
1077 1348 1249 1428 scripserat:
1295 1352 1299 1359 ’
1330 1352 1333 1357 “

311 1498 377 1561 Est
420 1518 553 1580 parvus
596 1499 793 1561 admodum
845 1499 961 1580 piscis
1005 1499 1187 1561 adsuetus
1231 1495 1357 1576 petris

312 1597 493 1659 echeneis
516 1617 556 1678 ap
566 1597 744 1678 pollatus3
771 1597 828 1661 boc
850 1597 957 1659 carinis
980 1597 1159 1659 adhaerente
1181 1613 1271 1657 naves
1294 1604 1356 1655 tar·

311 1693 377 1757 dius
399 1694 443 1756 ire
465 1695 627 1759 creduntur
649 1695 718 1757 inde
742 1695 865 1757 nomine
888 1696 1046 1776 imposit03
1068 1714 1175 1775 quam
1199 1692 1244 1755 ob
1268 1712 1357 1755 cau-

310 1811 387 1854 sam
410 1794 606 1857 amatoriis
640 1813 781 1874 quoque
815 1794 1014 1856 veneficiis
1048 1793 1197 1855 inlamis
1231 1799 1287 1853 est
1321 1799 1357 1851 et

308 1890 531 1955 iudiciorum
565 1912 604 1954 ac
637 1893 762 1954 litium
798 1912 893 1954 mora
928 1911 1004 1974 quae
1038 1891 1159 1954 crimina
1187 1908 1246 1952 una
1267 1888 1356 1951 laude

308 1999 415 2070 pensat
438 1990 535 2054 liunus
558 1989 741 2069 gravidarum
764 2000 849 2053 utero
876 1990 985 2052 sistens
1009 1999 1171 2070 partusque
1194 1988 1352 2051 continens

309 2108 343 2150 ac
364 2090 569 2170 puerperium3
592 2089 630 2149 in
653 2089 760 2151 cibos
782 2096 905 2151 tamen
927 2108 1000 2151 non
1024 2089 1249 2150 admittitur.
1287 2087 1350 2146 Pe·

309 2186 373 2249 des
396 2188 635 2268 oum-habere
658 2187 938 2250 arbitrantibus
961 2187 1193 2250 Aristoteles
1216 2185 1266 2247 ait
1287 2184 1355 2247 im-

309 2286 985 2368 positumpinnarumsimilitudine3
1327 2286 1330 2291 ⁴
1373 2282 1376 2288 ’

208 2453 277 2497 nam
301 2437 355 2499 bac
377 2437 497 2498 demum
521 2436 648 2499 adbibita
676 2435 859 2498 correctione
883 2435 958 2496 bene
979 2436 1072 2496 fluere
1100 2434 1246 2496 sententia
1270 2434 1354 2496 ville-

207 2542 257 2595 tur
290 2535 381 2609 (velut
404 2534 481 2595 bene
503 2533 594 2595 liuere
616 2551 786 2595 sermonem
813 2533 903 2594 etiam
925 2531 958 2606 in
979 2532 1019 2593 111
1037 2533 1094 2593 111
1119 2533 1241 2594 fecerim
1263 2532 1354 2595 simili

208 2640 285 2693 arte:
318 2631 409 2694 molto
435 2632 535 2693 dende
556 2630 729 2694 stratorum
760 2633 820 2694 sale
841 2636 873 2693 iae
904 2635 982 2693 ends
1002 2631 1144 2712 fictilibus,
1176 2647 1245 2692 rosc
1266 2650 1353 2694 cosae

207 2734 292 2804 omni,
314 2730 428 2792 nucleos
450 2731 587 2811 quosdam
608 2747 761 2811 corporum
777 2776 783 2791 .
802 2775 809 2790 .
828 2728 978 2793 (decidere
998 2734 1030 2791 τά
1050 2730 1132 2809 imo).
1178 2730 1263 2810 Apud
1286 2730 1353 2793 dri-

206 2830 343 2891 stotelem
359 2830 395 2891 de
411 2829 563 2892 ecbineide
578 2822 652 2911 quae
667 2829 868 2910 respondeant
884 2829 940 2891 illis
956 2829 1028 2891 baec
1043 2838 1113 2891 sunt
1129 2828 1270 2908 (pbtth
1285 2828 1351 2903 tel:

207 2923 293 2989 ἔστι
324 2919 361 2989 d'
392 2925 584 3006 ίχθύδιόν
613 2951 649 2990 τι
682 2929 758 2992 τῶν
787 2929 988 3009 πετραίων
1015 2923 1036 2988 ὅ
1070 2926 1237 2990 καλοῦσί
1266 2947 1352 2999 τινες

206 3022 391 3107 ἐχενηίδα
431 3024 487 3087 sol
526 3026 698 3109 χρῶνταί
738 3047 843 3099 τινες
883 3021 986 3109 αὐτῷ
1012 3024 1112 3107 πρὸς
1140 3024 1257 3099 δίκας
1287 3025 1352 3089 καὶ

206 3122 352 3206 φίλτρα
382 3123 516 3203 (adverte
545 3125 586 3187 sis
610 3125 686 3188 Plini
708 3133 860 3188 auctorem
889 3125 990 3205 potins
1017 3125 1122 3204 legisse
1144 3125 1238 3187 videri
1267 3122 1353 3206 πρὸς

206 3219 329 3305 φίλτρα
358 3223 412 3284 καί
442 3216 550 3297 δίκας,
581 3231 670 3304 atque
692 3223 732 3285 ita
755 3225 844 3286 etiam
868 3222 975 3288 Suidas
993 3236 1023 3284 s.
1038 3241 1064 3283 ν.-
1080 3219 1226 3303 ἐχενηίς)
1266 3219 1350 3284 ἔστι

205 3314 242 3382 δ’
272 3316 459 3403 ἄβρωτον.
503 3318 599 3383 τοῦτο
640 3316 677 3383 δ’
708 3319 792 3385 ἔνιοί
833 3336 939 3402 φασιν
978 3317 1084 3399 ἔχειν
1124 3316 1252 3399 πόδας
1278 3315 1351 3384 ὀὒκ

206 3415 296 3496 ἔχον,
326 3413 413 3480 ἀλλὰ
448 3421 638 3500 φαίνεται
678 3418 746 3483 διὰ
785 3418 827 3483 τὸ
868 3417 936 3493 τὰς
975 3421 1170 3501 πτέρυγας
1209 3414 1352 3500 ὁμοίας

206 3515 311 3594 ἔχειν
337 3517 466 3580 ποσίν.
510 3518 613 3598 ltaque
645 3519 728 3599 plura
762 3518 883 3599 quidem
905 3518 1027 3590 Plinius,
1045 3518 1104 3579 sed
1126 3517 1224 3598 priora
1246 3519 1349 3580 saltem

205 3632 281 3694 quse
302 3615 340 3676 de
363 3615 535 3695 explicando
551 3616 640 3696 piscis
663 3616 784 3678 nomine
807 3626 880 3678 sunt
901 3614 952 3695 (cl.
968 3615 1094 3696 Oppiani
1110 3615 1121 3676 l
1137 3614 1216 3690 2433
1236 3616 1350 3680 Aeliani

205 3713 230 3774 ll
249 3713 311 3786 17),
335 3712 480 3775 excidisse
502 3712 578 3793 apud
603 3715 790 3776 Aristotelem
813 3714 1003 3794 summopere
1025 3712 1176 3793 probabile
1198 3718 1272 3786 est'·
1286 3715 1349 3775 for·

204 3819 284 3873 tasse
309 3828 311 3833 ’
332 3820 432 3873 tamen
483 3821 583 3874 cetera
613 3831 766 3893 quoque,
815 3813 896 3893 quod
945 3811 1023 3872 idom
1068 3811 1141 3873 dixit
1187 3811 1348 3893 Montignp

204 3910 287 3983 Quae
309 3928 379 3970 vero
395 3909 432 3970 de
447 3908 607 3972 echeneide
623 3911 769 3972 accedunt
783 3911 862 3992 apud
876 3910 1006 3972 Plinium
1021 3928 1058 3971 er
1072 3909 1207 3972 Muciano
1230 3920 1351 3992 sumpta

205 4017 275 4072 sunt
289 4019 321 4070 et
335 4025 370 4069 er
381 4006 489 4069 Trebio
502 4007 591 4089 Nigro
607 4009 657 4090 qui
672 4009 923 4089 ped‘alem‘eam
935 4009 1155 4090 praedicaverat
1167 4017 1197 4070 et
1208 4010 1350 4072 ‘crassi-

203 4106 332 4170 tudine
354 4105 526 4187 quinqus
548 4107 765 4185 digitorum.
808 4108 868 4169 lam
891 4126 961 4170 vero
983 4107 1224 4188 quoddepisee
1244 4107 1350 4170 eodem

204 4203 283 4267 idem
305 4205 369 4268 lere
390 4203 505 4267 Plinin's
528 4205 650 4267 molesta
673 4206 842 4287 eloquentia
875 4206 998 4287 exponit
1019 4205 1349 4287 xxxllasqq.‚1n'on

204 4303 303 4383 potuit
324 4304 359 4365 ad
382 4303 439 4364 hoc
460 4302 576 4366 incitari
596 4322 644 4365 me
659 4305 770 4367 arbitro
785 4305 843 4367 nisi
865 4305 1059 4384 nova'aliqua
1081 4322 1186 4366 recens
1207 4305 1284 4368 lecta
1306 4305 1349 4367 rei

203 4401 404 4482 descriptione
423 4419 514 4482 eaque
536 4402 562 4462 si
582 4402 679 4483 placet
700 4404 825 4485 poetica.
863 4405 974 4466 Auctor
996 4411 1118 4483 prorsus
1133 4402 1266 4464 diversos
1279 4403 1349 4476 mie

204 4515 275 4560 nam
298 4500 740 4592 &semipedalis'potius
762 4503 919 4583 pisciculus
947 4502 1054 4563 dicitur
1079 4520 1168 4581 qnam
1186 4502 1348 4565 lectionem
