2902 5040
552 334 782 396 ...77-

108 514 111 519 '
168 555 170 559 ⁴
200 513 261 575 Nec
280 510 416 592 'proprias
438 512 516 573 vires
539 512 634 574 nescit
657 529 781 575 murena
804 511 929 572 nocendi

200 611 367 691 Auxiliique
389 610 437 673 sui
460 628 563 672 morsu
584 629 640 672 nec
662 609 798 671 cominus
821 609 879 672 acri

199 709 302 771 Deficit
324 717 376 769 aut
397 710 513 770 animos
535 710 619 789 ponit
641 709 755 789 captiva
778 707 911 770 minacis.

96 814 375 885 Haecine'om'nia?
404 821 518 901 captiva
546 829 606 894 est;
634 821 693 882 iarn
714 820 764 882 ubi
785 816 952 882 auxilium?
982 819 1058 880 Num
1082 818 1242 880 verborum

96 919 155 981 hoc
175 930 295 983 tumore
315 920 378 981 lieri
398 919 495 999 potuit
514 927 547 980 ut
573 939 637 980 rem
664 919 791 999 scriptor
810 936 912 980 revera
933 913 1177 979 oblivisceretur?
1207 919 1244 977 111

97 1019 180 1079 enim
201 1017 315 1080 Plinius
341 1035 446 1079 recens
470 1026 535 1079 tum
561 1035 681 1080 carmen
708 1017 867 1097 inspiciens
901 1016 937 1077 de
975 1033 1115 1078 muraena
1142 1034 1244 1078 excer-

96 1116 230 1197 pendnm
245 1117 302 1179 1111
324 1135 391 1178 esse
406 1116 493 1178 ridit:
515 1134 672 1178 muraenae
698 1115 821 1195 oooplc'us
844 1115 981 1176 dcoorout
1004 1114 1242 1194 1111111111

93 1217 250 1278 odmooeut
272 1216 402 1278 dentibus
427 1215 516 1277 lineos
534 1225 618 1296 utque
639 1219 681 1277 itu
697 1215 829 1276 creduut.
863 1212 965 1292 ltaque
991 1212 1116 1274 abolitus
1139 1230 1243 1274 versus

98 1315 203 1377 saltem
232 1332 329 1388 unns,
364 1332 461 1396 neque
490 1314 557 1395 plus
588 1331 664 1387 uno,
700 1332 768 1376 cum
798 1316 873 1377 duos
902 1315 950 1376 illa
981 1315 1027 1376 rix
1063 1316 1242 1395 compleant3

97 1413 235 1474 liberiore
250 1422 350 1475 antem
377 1421 485 1474 ornatu
509 1412 660 1474 1111111111
681 1413 750 1474 alias
770 1414 884 1476 Plinius
900 1414 1000 1487 refert,
1022 1413 1102 1475 velut
1116 1433 1192 1494 quae
1208 1414 1243 1475 de

97 1512 204 1592 polypo
221 1519 299 1574 sunt.
329 1511 422 1590 lgitur
438 1510 481 1572 sic
496 1518 567 1590 puta
584 1511 626 1571 vel
644 1511 780 1573 similiter
795 1513 964 1592 legebatur:

199 1623 334 1704 Amplius
362 1642 394 1684 os
417 1622 505 1683 hamo
528 1631 612 1684 11111
634 1623 790 1703 eroditque
811 1624 851 1685 ita
874 1624 979 1695 linum,

98 1754 192 1816 eaque
209 1735 381 1798 exciderunt
395 1743 518 1816 propter
533 1733 756 1798 similitudinem
774 1755 877 1798 vocum
894 1735 1099 1816 principalium
1116 1733 1246 1816 Amplius

97 1833 272 1896 1111111111
296 1853 354 1914 qua
377 1834 494 1895 ratione
521 1832 620 1895 etalii
644 1835 729 1896 multi
756 1852 872 1896 errores
899 1834 1082 1915 explicantur
1107 1840 1136 1894 et
1163 1834 1243 1913 qnod

96 1933 128 1993 in
144 1931 229 1994 libris
244 1931 367 1994 Homeri
382 1931 477 1994 Latini
492 1929 667 2012 quibusdam
682 1950 784 1994 versus
797 1932 837 1993 92
853 1941 921 1994 ante
938 1952 964 1993 1.
978 1931 1018 1992 93
1034 1933 1065 1993 in
1081 1932 1245 2010 marginem

100 2030 173 2092 abiit
187 2049 256 2092 cnm
271 2031 345 2092 alter
361 2051 377 2093 a
393 2029 526 2111 Turpiter
540 2032 613 2092 alter
627 2049 642 2092 a
658 2031 785 2112 luppiter
800 2031 951 2112 inciperet.

183 2129 305 2208 Legitur
327 2138 426 2192 autem
448 2130 484 2191 de
506 2128 605 2191 anthia
629 2148 655 2190 v.
672 2129 712 2190 46
728 2149 809 2210 sqq.:

199 2241 353 2303 Anthios
376 2241 421 2303 his
443 2249 549 2320 tergo
572 2259 648 2322 quae
669 2261 731 2303 non
754 2241 835 2303 videt
857 2240 951 2303 utitur
973 2241 1088 2303 armis

199 2339 264 2400 Vim
287 2340 420 2420 spinae
443 2339 584 2419 novitque
606 2358 678 2400 suae
701 2358 846 2419 versoque
870 2340 1029 2420 supinus

200 2437 330 2519 Corpore
351 2437 428 2499 lina
449 2447 552 2500 11111
574 2437 725 2518 fixumque
747 2438 898 2519 intercipit
919 2439 1053 2500 hamum.

98 2567 212 2629 Similia
228 2576 309 2630 certe
323 2567 499 2630 Plutarchus
519 2568 631 2646 legerat
647 2566 761 2630 9770:
789 2564 822 2630 oi
849 2565 887 2629 δὲ
913 2565 1065 2631 ἀνθίαι
1091 2567 1136 2652 τῷ
1161 2583 1244 2648 σομ-
1301 2630 1322 2651 ἢ

97 2662 195 2749 φύλῳ
211 2664 400 2748 βοηθοῦσιν
417 2659 631 2748 ἰταμώτερον·
655 2664 723 2747 τήν
738 2665 811 2748 γὰρ
834 2658 978 2749 ὁρμιὰν
998 2661 1244 2746 ἀναθέμενοι

98 2760 197 2825 κατὰ
222 2758 335 2846 ῥάχιν
360 2762 417 2825 καὶ
444 2758 656 2844 στήσαντες
676 2759 800 2846 ὀρθὴν
818 2763 886 2847 τὴν
912 2761 1095 2828 ἄκανθαν
1114 2749 1244 2843 effiger-

88 2861 201 2944 Λροῦσι,
217 2859 428 2944 διαπρίειν
448 2859 487 2946 τῇ
505 2852 683 2943 τραχύτητι
707 2861 772 2939 καὶ
796 2860 1045 2927 διακόπτειν.

184 2961 288 3040 ltaque
309 2959 467 3022 artificium
491 2959 572 3020 idern
598 2960 677 3039 apud
691 2959 897 3035 Plutarchum,
925 2961 983 3023 nisi
999 2962 1077 3041 quod
1101 2980 1163 3023 non
1189 2961 1244 3025 sibi

96 3059 166 3139 ipsi,
188 3059 241 3121 sed
265 3059 350 3122 fratri
376 3077 463 3138 opem
488 3058 546 3120 lert
572 3057 686 3119 anthias
711 3076 809 3138 neque
830 3059 897 3122 ideo
920 3066 954 3121 ut
975 3059 1035 3121 lino
1056 3067 1136 3121 secet
1158 3077 1244 3121 verso

97 3174 224 3238 corpore
246 3157 373 3238 supinus
394 3166 497 3219 natare
519 3156 576 3218 dici
597 3163 707 3235 potest.

129 3323 133 3327 .
159 3315 161 3320 .
185 3255 245 3325 Sed
265 3263 404 3321 11111111
429 3256 506 3316 idern
530 3263 617 3334 atque
644 3254 764 3317 Ovidius
788 3255 943 3334 Oppianus
968 3254 1078 3334 recepit
1104 3254 1155 3334 qui
1183 3245 1245 3315 non

97 3351 178 3417 inter
199 3353 357 3428 sollertius,
381 3355 433 3416 sed
454 3354 487 3415 in
506 3361 629 3433 captura
650 3353 776 3433 piscium
797 3353 832 3413 de
854 3352 952 3415 anthia
972 3353 1077 3415 eadem
1099 3351 1244 3415 brevitate

99 3469 157 3530 qua
181 3450 305 3514 Ovidius
327 3454 400 3516 haec
421 3453 524 3514 inserit
540 3451 579 3512 111
594 3471 620 3512 1.
637 3451 699 3513 333
711 3470 772 3533 sq.:

106 3568 109 3573 '
200 3561 352 3626 Πολλάκι
374 3554 407 3626 d'
432 3558 623 3646 ὀξύπριορον
645 3559 729 3647 ὑπὲρ
753 3559 849 3645 ῥάχιν
872 3559 992 3644 ἕτμαχε
1014 3559 1127 3646 douae

200 3652 333 3744 ὅρμτήν,
351 3657 426 3725 ’ἀπὸ
448 3659 482 3723 δ’
505 3656 563 3747 ἦξε
581 3659 692 3725 λιπών
713 3659 806 3725 κενὸν
830 3656 1022 3745 ἆχρεοτῆρα.

98 3772 202 3852 ltaque
217 3773 308 3853 piscis
324 3773 435 3836 lineam
451 3791 541 3855 quam
557 3774 621 3854 ipse
637 3774 806 3835 admorsam
821 3781 905 3835 tenet
922 3771 1067 3857 (δάψας)
1088 3775 1246 3854 imponens

69 3934 70 3937 ,
98 3872 132 3932 in
146 3878 229 3934 acuta
251 3891 304 3934 sna
326 3872 411 3952 spina
432 3873 566 3934 dissecat
596 3873 697 3952 Ipsum
719 3868 833 3954 θάψας
854 3872 926 3933 illud
948 3871 1070 3935 Ovidius
1095 3873 1185 3934 falsus
1207 3873 1246 3934 ita

99 3970 245 4050 expressit
267 3977 301 4033 ut
322 3972 416 4052 fisum
436 3971 557 4033 hamum
573 3989 638 4033 esse
653 3971 773 4032 diceret.
803 3970 836 4032 ld
851 3988 919 4031 vero
936 3990 994 4051 quo
1011 3971 1160 4051 discrepat
1174 3971 1246 4032 Plu-

99 4069 218 4130 tarchus
242 4086 301 4150 quo
322 4076 409 4148 pacto
426 4066 605 4151 explicabis?
631 4069 712 4132 Duae
733 4067 867 4132 videlicet
888 4069 924 4130 de
945 4069 1073 4131 anthia
1064 4088 1095 4131 m
1111 4069 1245 4149 exemplo

98 4165 253 4228 communi
281 4165 403 4231 fabellae
433 4169 622 4241 exstiterant,
652 4186 779 4248 quarum
808 4169 839 4230 in
868 4169 958 4229 altera
989 4168 1129 4231 calliditas
1156 4168 1246 4248 piscis
1292 4227 1294 4232 .

103 4263 280 4344 quomodo
272 4265 331 4344 ipss
323 4265 534 4346 prodesset,
524 4285 557 4328 m
581 4267 670 4328 altera
693 4267 843 4347 quomodo
859 4266 991 4346 piscibus
1008 4267 1095 4329 sociis
1112 4285 1246 4347 expone-

99 4359 195 4423 batur.
238 4362 324 4436 Quod
347 4378 524 4443 persuasum
545 4364 797 4428 habebis-ultimo
820 4367 886 4428 loco
912 4366 949 4427 iis
971 4367 1146 4428 examinatis
1170 4386 1246 4447 quae

101 4461 138 4523 de
152 4480 235 4526 scaro
251 4463 332 4545 pisce
354 4466 462 4548 scripta
477 4466 653 4548 produntur.
684 4467 801 4529 Adnoto
825 4475 924 4529 autem
940 4465 1069 4530 Plinium
1093 4465 1130 4528 de
1146 4465 1247 4529 anthia

1302 1586 1308 1658 1
